Local time,Ask,Bid,AskVolume,BidVolume
19.01.2022 06:30:00.044 GMT-0800,19.474,19.436,0.75,1
19.01.2022 06:30:00.447 GMT-0800,19.484,19.436,0.75,1
19.01.2022 06:30:00.498 GMT-0800,19.484,19.456,0.75,1
19.01.2022 06:30:00.548 GMT-0800,19.473,19.457,0.75,1
19.01.2022 06:30:00.749 GMT-0800,19.483,19.457,0.75,1
19.01.2022 06:30:00.800 GMT-0800,19.474,19.456,0.75,1
19.01.2022 06:30:01.136 GMT-0800,19.473,19.467000000000002,0.001,0.75
19.01.2022 06:30:01.193 GMT-0800,19.483,19.467000000000002,0.75,1
19.01.2022 06:30:02.152 GMT-0800,19.474,19.456,0.75,1
19.01.2022 06:30:02.454 GMT-0800,19.484,19.466,0.75,1
19.01.2022 06:30:02.554 GMT-0800,19.493,19.467000000000002,0.75,1
19.01.2022 06:30:02.605 GMT-0800,19.484,19.466,0.75,1
19.01.2022 06:30:02.707 GMT-0800,19.494,19.466,0.75,1
19.01.2022 06:30:02.808 GMT-0800,19.484,19.466,0.75,1
19.01.2022 06:30:03.229 GMT-0800,19.464000000000002,19.445999999999998,0.75,1
19.01.2022 06:30:03.330 GMT-0800,19.473,19.457,0.75,1
19.01.2022 06:30:04.375 GMT-0800,19.473,19.447,0.75,1
19.01.2022 06:30:04.426 GMT-0800,19.463,19.447,0.75,1
19.01.2022 06:30:04.577 GMT-0800,19.454,19.436,0.75,1
19.01.2022 06:30:05.062 GMT-0800,19.464000000000002,19.445999999999998,0.75,1
19.01.2022 06:30:05.113 GMT-0800,19.463,19.437,0.75,1
19.01.2022 06:30:05.222 GMT-0800,19.464000000000002,19.445999999999998,0.75,1
19.01.2022 06:30:05.616 GMT-0800,19.464000000000002,19.436,0.75,1
19.01.2022 06:30:05.767 GMT-0800,19.463,19.447,0.75,1
19.01.2022 06:30:06.007 GMT-0800,19.464000000000002,19.436,0.75,1
19.01.2022 06:30:07.452 GMT-0800,19.473,19.447,0.75,1
19.01.2022 06:30:07.558 GMT-0800,19.463,19.447,0.75,1
19.01.2022 06:30:07.785 GMT-0800,19.473,19.447,0.75,1
19.01.2022 06:30:08.021 GMT-0800,19.464000000000002,19.445999999999998,0.001,1
19.01.2022 06:30:09.264 GMT-0800,19.463,19.437,0.75,1
19.01.2022 06:30:09.502 GMT-0800,19.464000000000002,19.445999999999998,0.75,1
19.01.2022 06:30:10.078 GMT-0800,19.474,19.445999999999998,0.75,1
19.01.2022 06:30:10.129 GMT-0800,19.464000000000002,19.445999999999998,0.75,1
19.01.2022 06:30:12.473 GMT-0800,19.454,19.436,0.75,1
19.01.2022 06:30:13.064 GMT-0800,19.454,19.426,0.75,1
19.01.2022 06:30:13.114 GMT-0800,19.453,19.437,0.75,1
19.01.2022 06:30:13.691 GMT-0800,19.443,19.427,0.75,1
19.01.2022 06:30:13.795 GMT-0800,19.454,19.436,0.75,1
19.01.2022 06:30:14.209 GMT-0800,19.444000000000003,19.426,0.75,1
19.01.2022 06:30:15.161 GMT-0800,19.444000000000003,19.436,0.001,0.75
19.01.2022 06:30:15.212 GMT-0800,19.453,19.437,0.75,1
19.01.2022 06:30:17.859 GMT-0800,19.464000000000002,19.445999999999998,0.75,1
19.01.2022 06:30:17.960 GMT-0800,19.474,19.456,0.75,1
19.01.2022 06:30:21.939 GMT-0800,19.464000000000002,19.445999999999998,0.75,1
19.01.2022 06:30:22.273 GMT-0800,19.473,19.447,0.75,1
19.01.2022 06:30:22.374 GMT-0800,19.463,19.447,0.75,1
19.01.2022 06:30:26.079 GMT-0800,19.454,19.436,0.75,1
19.01.2022 06:30:26.230 GMT-0800,19.464000000000002,19.445999999999998,0.75,1
19.01.2022 06:30:27.417 GMT-0800,19.454,19.436,0.75,1
19.01.2022 06:30:27.751 GMT-0800,19.463,19.437,0.75,1
19.01.2022 06:30:28.283 GMT-0800,19.453,19.437,0.75,1
19.01.2022 06:30:28.869 GMT-0800,19.464000000000002,19.445999999999998,0.75,1
19.01.2022 06:30:29.153 GMT-0800,19.473,19.457,0.75,1
19.01.2022 06:30:29.204 GMT-0800,19.473,19.447,0.75,1
19.01.2022 06:30:29.893 GMT-0800,19.464000000000002,19.445999999999998,0.75,1
19.01.2022 06:30:30.953 GMT-0800,19.463,19.437,0.75,1
19.01.2022 06:30:31.076 GMT-0800,19.463,19.447,0.75,1
19.01.2022 06:30:31.227 GMT-0800,19.473,19.447,0.75,1
19.01.2022 06:30:32.060 GMT-0800,19.473,19.447,0.75,1
19.01.2022 06:30:32.831 GMT-0800,19.474,19.445999999999998,0.75,1
19.01.2022 06:30:32.882 GMT-0800,19.473,19.457,0.75,1
19.01.2022 06:30:33.186 GMT-0800,19.474,19.445999999999998,0.75,1
19.01.2022 06:30:33.287 GMT-0800,19.463,19.447,0.75,1
19.01.2022 06:30:33.821 GMT-0800,19.463,19.437,0.75,1
19.01.2022 06:30:33.922 GMT-0800,19.464000000000002,19.445999999999998,0.75,1
19.01.2022 06:30:35.263 GMT-0800,19.474,19.456,0.75,1
19.01.2022 06:30:38.112 GMT-0800,19.464000000000002,19.445999999999998,0.75,1
19.01.2022 06:30:38.213 GMT-0800,19.473,19.457,0.75,1
19.01.2022 06:30:38.314 GMT-0800,19.463,19.447,0.75,1
19.01.2022 06:30:38.924 GMT-0800,19.474,19.456,0.75,1
19.01.2022 06:30:39.608 GMT-0800,19.483,19.467000000000002,0.75,1
19.01.2022 06:30:39.910 GMT-0800,19.473,19.457,0.75,1
19.01.2022 06:30:41.965 GMT-0800,19.463,19.447,0.75,1
19.01.2022 06:30:44.002 GMT-0800,19.473,19.447,0.75,1
19.01.2022 06:30:44.052 GMT-0800,19.474,19.456,0.75,1
19.01.2022 06:30:46.587 GMT-0800,19.464000000000002,19.445999999999998,0.75,1
19.01.2022 06:30:47.013 GMT-0800,19.474,19.445999999999998,0.75,1
19.01.2022 06:30:47.064 GMT-0800,19.474,19.456,0.75,1
19.01.2022 06:30:48.655 GMT-0800,19.483,19.467000000000002,0.75,1
19.01.2022 06:30:48.756 GMT-0800,19.493,19.467000000000002,0.75,1
19.01.2022 06:30:48.825 GMT-0800,19.493,19.477,0.75,1
19.01.2022 06:30:49.026 GMT-0800,19.503,19.487000000000002,0.75,1
19.01.2022 06:30:49.301 GMT-0800,19.513,19.497,0.75,1
19.01.2022 06:30:50.757 GMT-0800,19.523,19.497,0.75,1
19.01.2022 06:30:50.808 GMT-0800,19.524,19.506,0.75,1
19.01.2022 06:30:51.009 GMT-0800,19.514000000000003,19.496,0.75,1
19.01.2022 06:30:51.160 GMT-0800,19.524,19.506,0.75,1
19.01.2022 06:30:51.261 GMT-0800,19.534000000000002,19.516,0.75,1
19.01.2022 06:30:51.362 GMT-0800,19.524,19.506,0.75,1
19.01.2022 06:30:51.976 GMT-0800,19.533,19.507,0.75,1
19.01.2022 06:30:52.128 GMT-0800,19.533,19.517,0.75,1
19.01.2022 06:30:52.477 GMT-0800,19.544,19.526,0.75,1
19.01.2022 06:30:52.779 GMT-0800,19.543,19.517,0.75,1
19.01.2022 06:30:52.880 GMT-0800,19.544,19.526,0.75,1
19.01.2022 06:30:53.166 GMT-0800,19.543,19.517,0.75,1
19.01.2022 06:30:53.217 GMT-0800,19.533,19.517,0.75,1
19.01.2022 06:30:53.867 GMT-0800,19.543,19.527,0.75,1
19.01.2022 06:30:53.918 GMT-0800,19.523,19.497,0.75,1
19.01.2022 06:30:53.968 GMT-0800,19.513,19.487000000000002,0.75,1
19.01.2022 06:30:54.069 GMT-0800,19.504,19.486,0.75,1
19.01.2022 06:30:57.210 GMT-0800,19.514000000000003,19.486,0.75,1
19.01.2022 06:30:57.431 GMT-0800,19.503,19.487000000000002,0.75,1
19.01.2022 06:30:58.587 GMT-0800,19.514000000000003,19.496,0.75,1
19.01.2022 06:30:59.006 GMT-0800,19.514000000000003,19.486,0.75,1
19.01.2022 06:30:59.239 GMT-0800,19.514000000000003,19.496,0.75,1
19.01.2022 06:30:59.515 GMT-0800,19.513,19.487000000000002,0.75,1
19.01.2022 06:30:59.831 GMT-0800,19.503,19.487000000000002,0.75,1
19.01.2022 06:30:59.882 GMT-0800,19.524,19.506,0.75,1
19.01.2022 06:31:00.184 GMT-0800,19.534000000000002,19.516,0.75,1
19.01.2022 06:31:00.803 GMT-0800,19.543,19.527,0.75,1
19.01.2022 06:31:01.829 GMT-0800,19.553,19.537000000000003,0.75,1
19.01.2022 06:31:02.232 GMT-0800,19.543,19.527,0.75,1
19.01.2022 06:31:02.282 GMT-0800,19.553,19.527,0.75,1
19.01.2022 06:31:02.383 GMT-0800,19.544,19.526,0.75,1
19.01.2022 06:31:04.005 GMT-0800,19.554000000000002,19.535999999999998,0.75,1
19.01.2022 06:31:04.157 GMT-0800,19.564,19.546,0.75,1
19.01.2022 06:31:04.366 GMT-0800,19.563,19.537000000000003,0.75,1
19.01.2022 06:31:04.417 GMT-0800,19.553,19.537000000000003,0.75,1
19.01.2022 06:31:04.981 GMT-0800,19.563,19.547,0.75,1
19.01.2022 06:31:05.031 GMT-0800,19.573,19.547,0.75,1
19.01.2022 06:31:05.082 GMT-0800,19.563,19.547,0.75,1
19.01.2022 06:31:05.182 GMT-0800,19.554000000000002,19.535999999999998,0.75,1
19.01.2022 06:31:06.042 GMT-0800,19.564,19.546,0.75,1
19.01.2022 06:31:06.248 GMT-0800,19.553,19.537000000000003,0.75,1
19.01.2022 06:31:06.840 GMT-0800,19.543,19.527,0.75,1
19.01.2022 06:31:07.058 GMT-0800,19.553,19.527,0.75,1
19.01.2022 06:31:07.108 GMT-0800,19.553,19.537000000000003,0.75,1
19.01.2022 06:31:08.337 GMT-0800,19.544,19.526,0.75,1
19.01.2022 06:31:08.820 GMT-0800,19.534000000000002,19.506,0.75,1
19.01.2022 06:31:09.095 GMT-0800,19.534000000000002,19.516,0.75,0.75
19.01.2022 06:31:09.331 GMT-0800,19.533,19.527,0.001,0.75
19.01.2022 06:31:09.383 GMT-0800,19.533,19.517,0.75,1
19.01.2022 06:31:09.434 GMT-0800,19.533,19.507,0.75,1
19.01.2022 06:31:09.596 GMT-0800,19.534000000000002,19.516,0.75,1
19.01.2022 06:31:10.440 GMT-0800,19.533,19.507,0.75,1
19.01.2022 06:31:10.723 GMT-0800,19.533,19.517,0.75,1
19.01.2022 06:31:11.077 GMT-0800,19.534000000000002,19.506,0.75,1
19.01.2022 06:31:11.128 GMT-0800,19.523,19.507,0.75,1
19.01.2022 06:31:11.462 GMT-0800,19.533,19.517,0.75,1
19.01.2022 06:31:13.442 GMT-0800,19.544,19.526,0.75,1
19.01.2022 06:31:13.543 GMT-0800,19.543,19.517,0.75,1
19.01.2022 06:31:13.694 GMT-0800,19.544,19.526,0.75,1
19.01.2022 06:31:14.027 GMT-0800,19.544,19.516,0.75,1
19.01.2022 06:31:14.077 GMT-0800,19.533,19.517,0.75,1
19.01.2022 06:31:15.402 GMT-0800,19.523,19.507,0.75,1
19.01.2022 06:31:15.503 GMT-0800,19.534000000000002,19.516,0.75,1
19.01.2022 06:31:16.403 GMT-0800,19.523,19.507,0.75,1
19.01.2022 06:31:17.131 GMT-0800,19.534000000000002,19.506,0.75,1
19.01.2022 06:31:17.244 GMT-0800,19.524,19.506,0.75,1
19.01.2022 06:31:17.503 GMT-0800,19.534000000000002,19.506,0.75,1
19.01.2022 06:31:17.554 GMT-0800,19.533,19.517,0.75,1
19.01.2022 06:31:18.641 GMT-0800,19.543,19.517,0.75,1
19.01.2022 06:31:18.692 GMT-0800,19.534000000000002,19.516,0.75,1
19.01.2022 06:31:19.040 GMT-0800,19.543,19.517,0.75,1
19.01.2022 06:31:19.228 GMT-0800,19.533,19.517,0.75,1
19.01.2022 06:31:19.645 GMT-0800,19.543,19.527,0.75,1
19.01.2022 06:31:19.696 GMT-0800,19.543,19.517,0.75,1
19.01.2022 06:31:20.193 GMT-0800,19.544,19.526,0.75,0.75
19.01.2022 06:31:20.243 GMT-0800,19.543,19.517,0.75,1
19.01.2022 06:31:20.394 GMT-0800,19.544,19.526,0.75,1
19.01.2022 06:31:20.878 GMT-0800,19.554000000000002,19.535999999999998,0.75,1
19.01.2022 06:31:20.929 GMT-0800,19.553,19.527,0.75,1
19.01.2022 06:31:21.181 GMT-0800,19.553,19.537000000000003,0.75,1
19.01.2022 06:31:21.655 GMT-0800,19.553,19.527,0.75,1
19.01.2022 06:31:21.911 GMT-0800,19.554000000000002,19.535999999999998,0.75,1
19.01.2022 06:31:22.031 GMT-0800,19.553,19.527,0.75,1
19.01.2022 06:31:22.242 GMT-0800,19.554000000000002,19.535999999999998,0.75,1
19.01.2022 06:31:23.080 GMT-0800,19.543,19.527,0.75,1
19.01.2022 06:31:23.353 GMT-0800,19.554000000000002,19.526,0.75,1
19.01.2022 06:31:23.506 GMT-0800,19.543,19.527,0.75,1
19.01.2022 06:31:24.060 GMT-0800,19.533,19.517,0.75,1
19.01.2022 06:31:24.774 GMT-0800,19.533,19.507,0.75,1
19.01.2022 06:31:25.439 GMT-0800,19.534000000000002,19.506,0.75,1
19.01.2022 06:31:25.626 GMT-0800,19.534000000000002,19.506,0.75,1
19.01.2022 06:31:25.761 GMT-0800,19.533,19.517,0.75,1
19.01.2022 06:31:26.984 GMT-0800,19.524,19.506,0.75,1
19.01.2022 06:31:27.282 GMT-0800,19.524,19.496,0.75,1
19.01.2022 06:31:27.332 GMT-0800,19.514000000000003,19.496,0.75,1
19.01.2022 06:31:27.433 GMT-0800,19.523,19.507,0.75,1
19.01.2022 06:31:27.974 GMT-0800,19.533,19.517,0.75,1
19.01.2022 06:31:28.354 GMT-0800,19.544,19.526,0.75,1
19.01.2022 06:31:30.837 GMT-0800,19.534000000000002,19.526,0.001,0.75
19.01.2022 06:31:30.887 GMT-0800,19.534000000000002,19.516,0.75,1
19.01.2022 06:31:31.802 GMT-0800,19.544,19.516,0.75,1
19.01.2022 06:31:32.101 GMT-0800,19.543,19.527,0.75,1
19.01.2022 06:31:35.399 GMT-0800,19.553,19.527,0.75,1
19.01.2022 06:31:35.450 GMT-0800,19.574,19.546,0.75,1
19.01.2022 06:31:35.601 GMT-0800,19.564,19.546,0.75,1
19.01.2022 06:31:35.791 GMT-0800,19.553,19.537000000000003,0.75,1
19.01.2022 06:31:36.524 GMT-0800,19.543,19.527,0.75,1
19.01.2022 06:31:39.855 GMT-0800,19.554000000000002,19.526,0.75,1
19.01.2022 06:31:40.093 GMT-0800,19.554000000000002,19.526,0.75,1
19.01.2022 06:31:40.332 GMT-0800,19.553,19.527,0.75,1
19.01.2022 06:31:40.652 GMT-0800,19.553,19.537000000000003,0.75,1
19.01.2022 06:31:42.447 GMT-0800,19.544,19.526,0.75,1
19.01.2022 06:31:46.255 GMT-0800,19.544,19.516,0.75,1
19.01.2022 06:31:46.306 GMT-0800,19.533,19.517,0.75,1
19.01.2022 06:31:46.457 GMT-0800,19.523,19.507,0.75,1
19.01.2022 06:31:46.507 GMT-0800,19.504,19.486,0.75,1
19.01.2022 06:31:47.121 GMT-0800,19.493,19.477,0.75,1
19.01.2022 06:31:47.222 GMT-0800,19.503,19.487000000000002,0.75,1
19.01.2022 06:31:47.630 GMT-0800,19.494,19.476,0.75,1
19.01.2022 06:31:48.871 GMT-0800,19.504,19.486,0.75,1
19.01.2022 06:31:49.403 GMT-0800,19.493,19.477,0.75,1
19.01.2022 06:31:50.715 GMT-0800,19.503,19.487000000000002,0.75,1
19.01.2022 06:31:52.062 GMT-0800,19.494,19.476,0.75,1
19.01.2022 06:31:53.818 GMT-0800,19.483,19.467000000000002,0.75,1
19.01.2022 06:31:53.969 GMT-0800,19.494,19.476,0.75,1
19.01.2022 06:31:54.120 GMT-0800,19.503,19.487000000000002,0.75,1
19.01.2022 06:31:55.049 GMT-0800,19.493,19.477,0.75,1
19.01.2022 06:31:55.150 GMT-0800,19.504,19.486,0.75,1
19.01.2022 06:31:56.869 GMT-0800,19.494,19.486,0.001,0.75
19.01.2022 06:31:56.919 GMT-0800,19.493,19.477,0.75,1
19.01.2022 06:31:57.252 GMT-0800,19.483,19.467000000000002,0.75,1
19.01.2022 06:31:57.453 GMT-0800,19.493,19.477,0.75,1
19.01.2022 06:31:58.260 GMT-0800,19.484,19.476,0.001,0.75
19.01.2022 06:31:58.311 GMT-0800,19.484,19.466,0.75,1
19.01.2022 06:32:00.156 GMT-0800,19.474,19.456,0.75,1
19.01.2022 06:32:00.307 GMT-0800,19.483,19.467000000000002,0.75,1
19.01.2022 06:32:01.687 GMT-0800,19.463,19.447,0.75,1
19.01.2022 06:32:01.737 GMT-0800,19.484,19.456,0.75,1
19.01.2022 06:32:01.788 GMT-0800,19.474,19.456,0.75,1
19.01.2022 06:32:02.039 GMT-0800,19.463,19.447,0.75,1
19.01.2022 06:32:02.311 GMT-0800,19.474,19.456,0.75,1
19.01.2022 06:32:03.267 GMT-0800,19.463,19.447,0.75,1
19.01.2022 06:32:05.349 GMT-0800,19.453,19.437,0.75,1
19.01.2022 06:32:07.533 GMT-0800,19.463,19.447,0.75,1
19.01.2022 06:32:08.360 GMT-0800,19.474,19.456,0.75,1
19.01.2022 06:32:08.461 GMT-0800,19.464000000000002,19.445999999999998,0.75,1
19.01.2022 06:32:11.951 GMT-0800,19.453,19.437,0.75,1
19.01.2022 06:32:13.179 GMT-0800,19.453,19.427,0.75,1
19.01.2022 06:32:13.316 GMT-0800,19.444000000000003,19.426,0.001,1
19.01.2022 06:32:15.224 GMT-0800,19.454,19.436,0.75,1
19.01.2022 06:32:15.835 GMT-0800,19.464000000000002,19.445999999999998,0.75,1
19.01.2022 06:32:16.771 GMT-0800,19.453,19.437,0.75,1
19.01.2022 06:32:20.565 GMT-0800,19.463,19.447,0.75,1
19.01.2022 06:32:22.320 GMT-0800,19.454,19.436,0.75,1
19.01.2022 06:32:22.472 GMT-0800,19.463,19.447,0.75,1
19.01.2022 06:32:23.508 GMT-0800,19.454,19.436,0.75,1
19.01.2022 06:32:24.300 GMT-0800,19.463,19.447,0.75,1
19.01.2022 06:32:26.067 GMT-0800,19.453,19.437,0.75,1
19.01.2022 06:32:29.174 GMT-0800,19.464000000000002,19.445999999999998,0.75,1
19.01.2022 06:32:29.681 GMT-0800,19.454,19.436,0.75,1
19.01.2022 06:32:30.604 GMT-0800,19.463,19.447,0.75,1
19.01.2022 06:32:30.755 GMT-0800,19.474,19.456,0.75,1
19.01.2022 06:32:31.129 GMT-0800,19.484,19.466,0.75,1
19.01.2022 06:32:31.352 GMT-0800,19.473,19.457,0.75,1
19.01.2022 06:32:32.195 GMT-0800,19.484,19.466,0.75,1
19.01.2022 06:32:32.823 GMT-0800,19.483,19.457,0.75,1
19.01.2022 06:32:32.874 GMT-0800,19.473,19.457,0.75,1
19.01.2022 06:32:32.975 GMT-0800,19.464000000000002,19.445999999999998,0.75,1
19.01.2022 06:32:33.355 GMT-0800,19.473,19.457,0.75,1
19.01.2022 06:32:33.516 GMT-0800,19.464000000000002,19.445999999999998,0.75,1
19.01.2022 06:32:36.092 GMT-0800,19.464000000000002,19.456,0.001,0.75
19.01.2022 06:32:36.143 GMT-0800,19.474,19.456,0.75,1
19.01.2022 06:32:36.712 GMT-0800,19.464000000000002,19.445999999999998,0.75,1
19.01.2022 06:32:36.813 GMT-0800,19.473,19.457,0.75,1
19.01.2022 06:32:39.474 GMT-0800,19.464000000000002,19.445999999999998,0.75,1
19.01.2022 06:32:40.582 GMT-0800,19.464000000000002,19.456,0.001,0.75
19.01.2022 06:32:40.633 GMT-0800,19.474,19.456,0.75,1
19.01.2022 06:32:42.688 GMT-0800,19.464000000000002,19.445999999999998,0.75,1
19.01.2022 06:32:44.254 GMT-0800,19.473,19.457,0.75,1
19.01.2022 06:32:46.439 GMT-0800,19.484,19.466,0.75,1
19.01.2022 06:32:47.315 GMT-0800,19.483,19.477,0.001,0.75
19.01.2022 06:32:47.366 GMT-0800,19.493,19.477,0.75,1
19.01.2022 06:32:48.581 GMT-0800,19.504,19.486,0.75,1
19.01.2022 06:32:53.764 GMT-0800,19.514000000000003,19.496,0.75,1
19.01.2022 06:32:56.665 GMT-0800,19.523,19.507,0.75,1
19.01.2022 06:32:56.766 GMT-0800,19.534000000000002,19.516,0.75,1
19.01.2022 06:32:57.030 GMT-0800,19.534000000000002,19.506,0.75,1
19.01.2022 06:32:57.292 GMT-0800,19.534000000000002,19.516,0.75,1
19.01.2022 06:33:00.654 GMT-0800,19.524,19.506,0.75,1
19.01.2022 06:33:01.869 GMT-0800,19.513,19.497,0.75,1
19.01.2022 06:33:02.111 GMT-0800,19.523,19.507,0.75,1
19.01.2022 06:33:02.367 GMT-0800,19.533,19.517,0.75,1
19.01.2022 06:33:02.819 GMT-0800,19.524,19.506,0.75,1
19.01.2022 06:33:03.027 GMT-0800,19.533,19.517,0.75,1
19.01.2022 06:33:03.862 GMT-0800,19.544,19.526,0.75,1
19.01.2022 06:33:04.225 GMT-0800,19.553,19.537000000000003,0.75,1
19.01.2022 06:33:05.137 GMT-0800,19.543,19.527,0.75,1
19.01.2022 06:33:06.539 GMT-0800,19.553,19.537000000000003,0.75,1
19.01.2022 06:33:07.309 GMT-0800,19.563,19.537000000000003,0.75,1
19.01.2022 06:33:07.359 GMT-0800,19.553,19.537000000000003,0.75,1
19.01.2022 06:33:08.116 GMT-0800,19.563,19.537000000000003,0.75,1
19.01.2022 06:33:08.575 GMT-0800,19.553,19.537000000000003,0.75,1
19.01.2022 06:33:08.982 GMT-0800,19.563,19.547,0.75,1
19.01.2022 06:33:09.133 GMT-0800,19.554000000000002,19.535999999999998,0.75,1
19.01.2022 06:33:14.365 GMT-0800,19.554000000000002,19.526,0.75,1
19.01.2022 06:33:14.415 GMT-0800,19.553,19.537000000000003,0.75,1
19.01.2022 06:33:15.618 GMT-0800,19.564,19.546,0.75,1
19.01.2022 06:33:17.112 GMT-0800,19.553,19.547,0.001,0.75
19.01.2022 06:33:17.163 GMT-0800,19.554000000000002,19.535999999999998,0.75,1
19.01.2022 06:33:17.873 GMT-0800,19.544,19.526,0.75,1
19.01.2022 06:33:20.511 GMT-0800,19.553,19.537000000000003,0.75,1
19.01.2022 06:33:22.175 GMT-0800,19.564,19.546,0.75,1
19.01.2022 06:33:22.277 GMT-0800,19.573,19.557000000000002,0.75,1
19.01.2022 06:33:22.378 GMT-0800,19.563,19.547,0.75,1
19.01.2022 06:33:23.032 GMT-0800,19.573,19.557000000000002,0.75,1
19.01.2022 06:33:26.424 GMT-0800,19.584,19.556,0.75,1
19.01.2022 06:33:26.474 GMT-0800,19.574,19.556,0.75,1
19.01.2022 06:33:26.625 GMT-0800,19.583,19.567,0.75,1
19.01.2022 06:33:27.817 GMT-0800,19.573,19.557000000000002,0.75,1
19.01.2022 06:33:30.090 GMT-0800,19.584,19.556,0.75,1
19.01.2022 06:33:30.140 GMT-0800,19.574,19.556,0.75,1
19.01.2022 06:33:31.865 GMT-0800,19.583,19.567,0.75,1
19.01.2022 06:33:34.611 GMT-0800,19.593,19.577,0.75,1
19.01.2022 06:33:35.647 GMT-0800,19.604000000000003,19.586,0.75,1
19.01.2022 06:33:35.748 GMT-0800,19.593,19.577,0.75,1
19.01.2022 06:33:36.100 GMT-0800,19.584,19.566,0.75,1
19.01.2022 06:33:38.159 GMT-0800,19.594,19.576,0.75,1
19.01.2022 06:33:39.367 GMT-0800,19.584,19.566,0.75,1
19.01.2022 06:33:40.194 GMT-0800,19.594,19.566,0.75,1
19.01.2022 06:33:40.271 GMT-0800,19.593,19.567,0.75,1
19.01.2022 06:33:40.422 GMT-0800,19.583,19.567,0.75,1
19.01.2022 06:33:41.970 GMT-0800,19.573,19.557000000000002,0.75,1
19.01.2022 06:33:45.132 GMT-0800,19.584,19.566,0.75,1
19.01.2022 06:33:47.050 GMT-0800,19.584,19.556,0.75,1
19.01.2022 06:33:47.151 GMT-0800,19.574,19.556,0.75,1
19.01.2022 06:33:48.651 GMT-0800,19.584,19.566,0.75,1
19.01.2022 06:33:51.576 GMT-0800,19.583,19.557000000000002,0.75,1
19.01.2022 06:33:51.843 GMT-0800,19.583,19.567,0.75,0.75
19.01.2022 06:33:53.221 GMT-0800,19.593,19.577,0.75,1
19.01.2022 06:33:57.547 GMT-0800,19.603,19.587,0.75,1
19.01.2022 06:33:58.067 GMT-0800,19.603,19.577,0.75,1
19.01.2022 06:33:58.118 GMT-0800,19.594,19.576,0.75,1
19.01.2022 06:34:03.025 GMT-0800,19.603,19.587,0.75,1
19.01.2022 06:34:08.468 GMT-0800,19.624000000000002,19.596,0.75,1
19.01.2022 06:34:08.518 GMT-0800,19.634,19.616,0.75,1
19.01.2022 06:34:08.734 GMT-0800,19.634,19.605999999999998,0.75,1
19.01.2022 06:34:08.835 GMT-0800,19.633,19.617,0.75,1
19.01.2022 06:34:10.004 GMT-0800,19.623,19.607,0.75,1
19.01.2022 06:34:10.424 GMT-0800,19.624000000000002,19.596,0.75,1
19.01.2022 06:34:10.475 GMT-0800,19.623,19.607,0.75,1
19.01.2022 06:34:10.956 GMT-0800,19.614,19.596,0.75,1
19.01.2022 06:34:11.327 GMT-0800,19.624000000000002,19.605999999999998,0.75,1
19.01.2022 06:34:12.411 GMT-0800,19.613,19.597,0.75,1
19.01.2022 06:34:13.265 GMT-0800,19.603,19.587,0.75,1
19.01.2022 06:34:14.943 GMT-0800,19.614,19.596,0.75,1
19.01.2022 06:34:15.100 GMT-0800,19.603,19.587,0.75,1
19.01.2022 06:34:15.251 GMT-0800,19.613,19.597,0.75,1
19.01.2022 06:34:15.352 GMT-0800,19.604000000000003,19.586,0.75,1
19.01.2022 06:34:15.772 GMT-0800,19.614,19.596,0.75,1
19.01.2022 06:34:16.342 GMT-0800,19.604000000000003,19.596,0.001,0.75
19.01.2022 06:34:16.392 GMT-0800,19.604000000000003,19.586,0.75,1
19.01.2022 06:34:17.379 GMT-0800,19.593,19.577,0.75,1
19.01.2022 06:34:17.588 GMT-0800,19.604000000000003,19.576,0.75,1
19.01.2022 06:34:17.639 GMT-0800,19.593,19.577,0.75,1
19.01.2022 06:34:18.009 GMT-0800,19.603,19.587,0.75,1
19.01.2022 06:34:19.078 GMT-0800,19.593,19.577,0.75,1
19.01.2022 06:34:20.610 GMT-0800,19.613,19.597,0.75,1
19.01.2022 06:34:21.604 GMT-0800,19.603,19.587,0.75,1
19.01.2022 06:34:21.875 GMT-0800,19.614,19.596,0.75,1
19.01.2022 06:34:22.543 GMT-0800,19.603,19.587,0.75,1
19.01.2022 06:34:22.745 GMT-0800,19.613,19.597,0.75,1
19.01.2022 06:34:24.210 GMT-0800,19.624000000000002,19.605999999999998,0.75,1
19.01.2022 06:34:25.568 GMT-0800,19.633,19.617,0.75,1
19.01.2022 06:34:27.517 GMT-0800,19.644000000000002,19.626,0.75,1
19.01.2022 06:34:27.618 GMT-0800,19.674000000000003,19.646,0.75,1
19.01.2022 06:34:27.669 GMT-0800,19.644000000000002,19.626,0.75,1
19.01.2022 06:34:30.901 GMT-0800,19.653,19.637,0.75,1
19.01.2022 06:34:32.773 GMT-0800,19.643,19.637,0.001,0.75
19.01.2022 06:34:32.823 GMT-0800,19.643,19.627000000000002,0.75,1
19.01.2022 06:34:33.412 GMT-0800,19.634,19.626,0.001,0.75
19.01.2022 06:34:33.462 GMT-0800,19.634,19.616,0.75,1
19.01.2022 06:34:33.712 GMT-0800,19.633,19.607,0.75,1
19.01.2022 06:34:33.769 GMT-0800,19.634,19.616,0.75,1
19.01.2022 06:34:37.068 GMT-0800,19.643,19.627000000000002,0.75,1
19.01.2022 06:34:37.219 GMT-0800,19.654,19.636,0.75,1
19.01.2022 06:34:37.370 GMT-0800,19.644000000000002,19.626,0.75,1
19.01.2022 06:34:39.481 GMT-0800,19.653,19.637,0.75,1
19.01.2022 06:34:41.445 GMT-0800,19.664,19.646,0.75,1
19.01.2022 06:34:42.284 GMT-0800,19.674000000000003,19.646,0.75,1
19.01.2022 06:34:42.335 GMT-0800,19.673,19.657,0.75,1
19.01.2022 06:34:42.746 GMT-0800,19.684,19.666,0.75,1
19.01.2022 06:34:43.747 GMT-0800,19.674000000000003,19.666,0.001,0.75
19.01.2022 06:34:43.798 GMT-0800,19.673,19.657,0.75,1
19.01.2022 06:34:46.258 GMT-0800,19.684,19.666,0.75,1
19.01.2022 06:34:46.616 GMT-0800,19.673,19.657,0.75,1
19.01.2022 06:34:51.356 GMT-0800,19.664,19.646,0.75,1
19.01.2022 06:34:52.682 GMT-0800,19.653,19.637,0.75,1
19.01.2022 06:34:52.984 GMT-0800,19.663,19.647000000000002,0.75,1
19.01.2022 06:34:53.294 GMT-0800,19.674000000000003,19.656,0.75,1
19.01.2022 06:34:53.807 GMT-0800,19.664,19.646,0.75,1
19.01.2022 06:34:53.908 GMT-0800,19.673,19.657,0.75,1
19.01.2022 06:35:00.205 GMT-0800,19.684,19.666,0.75,1
19.01.2022 06:35:00.457 GMT-0800,19.693,19.677,0.75,1
19.01.2022 06:35:00.709 GMT-0800,19.684,19.666,0.75,1
19.01.2022 06:35:01.111 GMT-0800,19.674000000000003,19.656,0.75,1
19.01.2022 06:35:01.693 GMT-0800,19.673,19.647000000000002,0.75,1
19.01.2022 06:35:01.744 GMT-0800,19.664,19.646,0.75,1
19.01.2022 06:35:02.450 GMT-0800,19.673,19.657,0.75,1
19.01.2022 06:35:02.601 GMT-0800,19.663,19.647000000000002,0.75,1
19.01.2022 06:35:03.105 GMT-0800,19.674000000000003,19.656,0.75,1
19.01.2022 06:35:05.225 GMT-0800,19.663,19.647000000000002,0.75,1
19.01.2022 06:35:05.646 GMT-0800,19.654,19.636,0.75,1
19.01.2022 06:35:06.093 GMT-0800,19.644000000000002,19.626,0.75,1
19.01.2022 06:35:06.295 GMT-0800,19.653,19.637,0.75,1
19.01.2022 06:35:06.697 GMT-0800,19.653,19.627000000000002,0.75,1
19.01.2022 06:35:06.747 GMT-0800,19.643,19.627000000000002,0.75,1
19.01.2022 06:35:06.798 GMT-0800,19.633,19.617,0.75,1
19.01.2022 06:35:07.002 GMT-0800,19.643,19.627000000000002,0.75,1
19.01.2022 06:35:07.773 GMT-0800,19.644000000000002,19.616,0.75,1
19.01.2022 06:35:07.823 GMT-0800,19.633,19.617,0.75,1
19.01.2022 06:35:08.427 GMT-0800,19.643,19.627000000000002,0.75,1
19.01.2022 06:35:08.888 GMT-0800,19.633,19.627000000000002,0.001,0.75
19.01.2022 06:35:08.939 GMT-0800,19.634,19.616,0.75,1
19.01.2022 06:35:11.131 GMT-0800,19.623,19.607,0.75,1
19.01.2022 06:35:11.472 GMT-0800,19.633,19.617,0.75,1
19.01.2022 06:35:13.695 GMT-0800,19.644000000000002,19.626,0.75,1
19.01.2022 06:35:14.042 GMT-0800,19.634,19.626,0.001,0.75
19.01.2022 06:35:14.093 GMT-0800,19.633,19.617,0.75,1
19.01.2022 06:35:14.680 GMT-0800,19.644000000000002,19.626,0.75,1
19.01.2022 06:35:14.731 GMT-0800,19.653,19.627000000000002,0.75,1
19.01.2022 06:35:14.782 GMT-0800,19.653,19.637,0.75,1
19.01.2022 06:35:15.562 GMT-0800,19.663,19.647000000000002,0.75,1
19.01.2022 06:35:18.387 GMT-0800,19.653,19.637,0.75,1
19.01.2022 06:35:18.943 GMT-0800,19.664,19.646,0.75,1
19.01.2022 06:35:20.583 GMT-0800,19.653,19.637,0.75,1
19.01.2022 06:35:20.845 GMT-0800,19.664,19.636,0.75,1
19.01.2022 06:35:20.895 GMT-0800,19.663,19.647000000000002,0.75,1
19.01.2022 06:35:22.927 GMT-0800,19.674000000000003,19.646,0.75,1
19.01.2022 06:35:22.978 GMT-0800,19.673,19.657,0.75,1
19.01.2022 06:35:23.079 GMT-0800,19.683,19.657,0.75,1
19.01.2022 06:35:23.130 GMT-0800,19.673,19.657,0.75,1
19.01.2022 06:35:25.263 GMT-0800,19.684,19.666,0.75,1
19.01.2022 06:35:25.414 GMT-0800,19.673,19.657,0.75,1
19.01.2022 06:35:26.549 GMT-0800,19.664,19.646,0.75,1
19.01.2022 06:35:29.285 GMT-0800,19.653,19.637,0.75,1
19.01.2022 06:35:29.809 GMT-0800,19.663,19.647000000000002,0.75,1
19.01.2022 06:35:30.708 GMT-0800,19.674000000000003,19.656,0.75,1
19.01.2022 06:35:32.391 GMT-0800,19.664,19.646,0.75,1
19.01.2022 06:35:33.328 GMT-0800,19.653,19.637,0.75,1
19.01.2022 06:35:33.551 GMT-0800,19.664,19.646,0.75,1
19.01.2022 06:35:36.650 GMT-0800,19.663,19.637,0.75,1
19.01.2022 06:35:36.701 GMT-0800,19.654,19.636,0.75,1
19.01.2022 06:35:36.852 GMT-0800,19.644000000000002,19.626,0.75,1
19.01.2022 06:35:36.953 GMT-0800,19.653,19.637,0.75,1
19.01.2022 06:35:37.750 GMT-0800,19.644000000000002,19.626,0.75,1
19.01.2022 06:35:37.995 GMT-0800,19.633,19.617,0.75,1
19.01.2022 06:35:38.556 GMT-0800,19.623,19.607,0.75,1
19.01.2022 06:35:41.140 GMT-0800,19.614,19.596,0.75,1
19.01.2022 06:35:41.576 GMT-0800,19.603,19.587,0.75,1
19.01.2022 06:35:42.218 GMT-0800,19.593,19.577,0.75,1
19.01.2022 06:35:42.469 GMT-0800,19.583,19.567,0.75,1
19.01.2022 06:35:42.794 GMT-0800,19.594,19.566,0.75,1
19.01.2022 06:35:42.845 GMT-0800,19.584,19.566,0.75,1
19.01.2022 06:35:43.113 GMT-0800,19.594,19.576,0.75,1
19.01.2022 06:35:45.224 GMT-0800,19.583,19.567,0.75,1
19.01.2022 06:35:46.436 GMT-0800,19.573,19.557000000000002,0.75,1
19.01.2022 06:35:46.956 GMT-0800,19.563,19.547,0.75,1
19.01.2022 06:35:47.909 GMT-0800,19.573,19.557000000000002,0.75,1
19.01.2022 06:35:48.646 GMT-0800,19.583,19.567,0.75,1
19.01.2022 06:35:49.188 GMT-0800,19.574,19.556,0.75,1
19.01.2022 06:35:52.305 GMT-0800,19.584,19.566,0.75,1
19.01.2022 06:35:52.457 GMT-0800,19.573,19.557000000000002,0.75,1
19.01.2022 06:35:52.714 GMT-0800,19.584,19.556,0.75,1
19.01.2022 06:35:52.769 GMT-0800,19.584,19.566,0.75,1
19.01.2022 06:35:52.913 GMT-0800,19.583,19.577,0.001,0.75
19.01.2022 06:35:52.963 GMT-0800,19.584,19.566,0.75,1
19.01.2022 06:35:53.216 GMT-0800,19.593,19.567,0.75,1
19.01.2022 06:35:53.266 GMT-0800,19.583,19.567,0.75,1
19.01.2022 06:35:53.671 GMT-0800,19.593,19.567,0.75,1
19.01.2022 06:35:53.722 GMT-0800,19.593,19.577,0.75,1
19.01.2022 06:35:55.444 GMT-0800,19.603,19.587,0.75,1
19.01.2022 06:35:57.118 GMT-0800,19.593,19.577,0.75,1
19.01.2022 06:35:59.632 GMT-0800,19.604000000000003,19.586,0.75,1
19.01.2022 06:35:59.953 GMT-0800,19.594,19.576,0.75,1
19.01.2022 06:36:03.436 GMT-0800,19.604000000000003,19.576,0.75,1
19.01.2022 06:36:03.486 GMT-0800,19.594,19.576,0.75,1
19.01.2022 06:36:03.587 GMT-0800,19.604000000000003,19.586,0.75,1
19.01.2022 06:36:05.215 GMT-0800,19.613,19.597,0.75,1
19.01.2022 06:36:05.466 GMT-0800,19.603,19.587,0.75,1
19.01.2022 06:36:09.423 GMT-0800,19.624000000000002,19.596,0.75,1
19.01.2022 06:36:09.474 GMT-0800,19.634,19.596,0.75,1
19.01.2022 06:36:09.575 GMT-0800,19.634,19.605999999999998,0.75,1
19.01.2022 06:36:09.676 GMT-0800,19.633,19.617,0.75,1
19.01.2022 06:36:13.843 GMT-0800,19.624000000000002,19.605999999999998,0.75,1
19.01.2022 06:36:13.944 GMT-0800,19.613,19.597,0.75,1
19.01.2022 06:36:14.895 GMT-0800,19.623,19.607,0.75,1
19.01.2022 06:36:18.998 GMT-0800,19.584,19.566,0.75,1
19.01.2022 06:36:19.048 GMT-0800,19.604000000000003,19.576,0.75,1
19.01.2022 06:36:19.099 GMT-0800,19.604000000000003,19.586,0.75,1
19.01.2022 06:36:20.784 GMT-0800,19.603,19.577,0.75,1
19.01.2022 06:36:20.835 GMT-0800,19.593,19.577,0.75,1
19.01.2022 06:36:23.008 GMT-0800,19.584,19.566,0.75,1
19.01.2022 06:36:24.825 GMT-0800,19.594,19.576,0.75,1
19.01.2022 06:36:26.951 GMT-0800,19.584,19.566,0.75,1
19.01.2022 06:36:28.266 GMT-0800,19.574,19.566,0.001,0.75
19.01.2022 06:36:28.317 GMT-0800,19.573,19.557000000000002,0.75,1
19.01.2022 06:36:28.418 GMT-0800,19.573,19.547,0.75,1
19.01.2022 06:36:28.468 GMT-0800,19.564,19.546,0.75,1
19.01.2022 06:36:31.246 GMT-0800,19.554000000000002,19.546,0.001,0.75
19.01.2022 06:36:31.297 GMT-0800,19.554000000000002,19.535999999999998,0.75,1
19.01.2022 06:36:31.956 GMT-0800,19.543,19.527,0.75,1
19.01.2022 06:36:35.245 GMT-0800,19.554000000000002,19.526,0.75,1
19.01.2022 06:36:35.298 GMT-0800,19.553,19.537000000000003,0.75,1
19.01.2022 06:36:35.449 GMT-0800,19.554000000000002,19.526,0.75,1
19.01.2022 06:36:35.499 GMT-0800,19.543,19.527,0.75,1
19.01.2022 06:36:36.701 GMT-0800,19.533,19.517,0.75,1
19.01.2022 06:36:36.852 GMT-0800,19.523,19.507,0.75,1
19.01.2022 06:36:37.004 GMT-0800,19.513,19.497,0.75,1
19.01.2022 06:36:37.205 GMT-0800,19.504,19.486,0.75,1
19.01.2022 06:36:37.507 GMT-0800,19.494,19.476,0.75,1
19.01.2022 06:36:37.608 GMT-0800,19.503,19.487000000000002,0.75,1
19.01.2022 06:36:39.078 GMT-0800,19.493,19.477,0.75,1
19.01.2022 06:36:39.229 GMT-0800,19.504,19.486,0.75,1
19.01.2022 06:36:40.393 GMT-0800,19.514000000000003,19.496,0.75,1
19.01.2022 06:36:40.853 GMT-0800,19.504,19.486,0.75,1
19.01.2022 06:36:42.927 GMT-0800,19.513,19.497,0.75,1
19.01.2022 06:36:43.509 GMT-0800,19.524,19.506,0.75,1
19.01.2022 06:36:43.911 GMT-0800,19.514000000000003,19.496,0.75,1
19.01.2022 06:36:45.294 GMT-0800,19.503,19.497,0.001,0.75
19.01.2022 06:36:45.345 GMT-0800,19.504,19.486,0.75,1
19.01.2022 06:36:45.675 GMT-0800,19.513,19.497,0.75,1
19.01.2022 06:36:47.252 GMT-0800,19.523,19.507,0.75,1
19.01.2022 06:36:47.353 GMT-0800,19.513,19.497,0.75,1
19.01.2022 06:36:51.567 GMT-0800,19.504,19.486,0.75,1
19.01.2022 06:36:51.822 GMT-0800,19.514000000000003,19.486,0.75,1
19.01.2022 06:36:51.952 GMT-0800,19.513,19.497,0.75,1
19.01.2022 06:36:52.556 GMT-0800,19.524,19.506,0.75,1
19.01.2022 06:36:53.939 GMT-0800,19.534000000000002,19.516,0.75,1
19.01.2022 06:36:54.385 GMT-0800,19.524,19.506,0.75,1
19.01.2022 06:36:55.401 GMT-0800,19.534000000000002,19.516,0.75,1
19.01.2022 06:36:56.459 GMT-0800,19.524,19.506,0.75,1
19.01.2022 06:36:58.121 GMT-0800,19.534000000000002,19.516,0.75,1
19.01.2022 06:37:01.085 GMT-0800,19.543,19.527,0.75,1
19.01.2022 06:37:02.401 GMT-0800,19.553,19.537000000000003,0.75,1
19.01.2022 06:37:03.799 GMT-0800,19.564,19.535999999999998,0.75,1
19.01.2022 06:37:03.850 GMT-0800,19.574,19.546,0.75,1
19.01.2022 06:37:03.951 GMT-0800,19.563,19.547,0.75,1
19.01.2022 06:37:04.102 GMT-0800,19.554000000000002,19.535999999999998,0.75,1
19.01.2022 06:37:05.036 GMT-0800,19.553,19.527,0.75,1
19.01.2022 06:37:05.136 GMT-0800,19.544,19.526,0.75,1
19.01.2022 06:37:08.610 GMT-0800,19.534000000000002,19.516,0.75,1
19.01.2022 06:37:09.649 GMT-0800,19.543,19.527,0.75,1
19.01.2022 06:37:10.403 GMT-0800,19.533,19.517,0.75,1
19.01.2022 06:37:12.036 GMT-0800,19.523,19.507,0.75,1
19.01.2022 06:37:12.289 GMT-0800,19.514000000000003,19.496,0.75,1
19.01.2022 06:37:15.343 GMT-0800,19.524,19.506,0.75,1
19.01.2022 06:37:19.197 GMT-0800,19.513,19.497,0.75,1
19.01.2022 06:37:20.676 GMT-0800,19.503,19.487000000000002,0.75,1
19.01.2022 06:37:20.777 GMT-0800,19.494,19.476,0.75,1
19.01.2022 06:37:20.878 GMT-0800,19.484,19.466,0.75,1
19.01.2022 06:37:22.158 GMT-0800,19.493,19.477,0.75,1
19.01.2022 06:37:24.188 GMT-0800,19.503,19.487000000000002,0.75,1
19.01.2022 06:37:24.239 GMT-0800,19.514000000000003,19.486,0.75,1
19.01.2022 06:37:24.440 GMT-0800,19.513,19.497,0.75,1
19.01.2022 06:37:26.096 GMT-0800,19.513,19.487000000000002,0.75,1
19.01.2022 06:37:26.500 GMT-0800,19.504,19.486,0.75,1
19.01.2022 06:37:26.601 GMT-0800,19.494,19.476,0.75,1
19.01.2022 06:37:27.422 GMT-0800,19.483,19.467000000000002,0.75,1
19.01.2022 06:37:27.981 GMT-0800,19.494,19.476,0.75,1
19.01.2022 06:37:29.435 GMT-0800,19.484,19.466,0.75,1
19.01.2022 06:37:32.000 GMT-0800,19.473,19.457,0.75,1
19.01.2022 06:37:32.101 GMT-0800,19.483,19.467000000000002,0.75,1
19.01.2022 06:37:33.158 GMT-0800,19.484,19.456,0.75,1
19.01.2022 06:37:33.309 GMT-0800,19.484,19.466,0.75,1
19.01.2022 06:37:33.552 GMT-0800,19.484,19.456,0.75,1
19.01.2022 06:37:33.602 GMT-0800,19.484,19.466,0.75,1
19.01.2022 06:37:44.456 GMT-0800,19.494,19.466,0.75,1
19.01.2022 06:37:44.506 GMT-0800,19.484,19.466,0.75,1
19.01.2022 06:37:45.053 GMT-0800,19.494,19.476,0.75,1
19.01.2022 06:37:45.332 GMT-0800,19.484,19.466,0.75,1
19.01.2022 06:37:47.534 GMT-0800,19.463,19.447,0.75,1
19.01.2022 06:37:50.230 GMT-0800,19.454,19.436,0.75,1
19.01.2022 06:37:50.807 GMT-0800,19.463,19.447,0.75,1
19.01.2022 06:37:51.199 GMT-0800,19.453,19.437,0.75,1
19.01.2022 06:37:56.866 GMT-0800,19.454,19.445999999999998,0.001,0.75
19.01.2022 06:37:56.917 GMT-0800,19.464000000000002,19.445999999999998,0.75,1
19.01.2022 06:37:58.246 GMT-0800,19.474,19.456,0.75,1
19.01.2022 06:37:59.649 GMT-0800,19.463,19.447,0.75,1
19.01.2022 06:38:00.102 GMT-0800,19.474,19.456,0.75,1
19.01.2022 06:38:00.762 GMT-0800,19.473,19.447,0.75,1
19.01.2022 06:38:00.951 GMT-0800,19.464000000000002,19.445999999999998,0.75,1
19.01.2022 06:38:01.102 GMT-0800,19.484,19.466,0.75,1
19.01.2022 06:38:01.253 GMT-0800,19.483,19.457,0.75,1
19.01.2022 06:38:01.304 GMT-0800,19.483,19.467000000000002,0.75,1
19.01.2022 06:38:01.634 GMT-0800,19.484,19.456,0.75,1
19.01.2022 06:38:01.684 GMT-0800,19.473,19.457,0.75,1
19.01.2022 06:38:02.144 GMT-0800,19.484,19.466,0.75,1
19.01.2022 06:38:03.083 GMT-0800,19.473,19.457,0.75,1
19.01.2022 06:38:03.184 GMT-0800,19.483,19.467000000000002,0.75,1
19.01.2022 06:38:03.386 GMT-0800,19.494,19.476,0.75,1
19.01.2022 06:38:04.177 GMT-0800,19.484,19.466,0.75,1
19.01.2022 06:38:05.705 GMT-0800,19.473,19.457,0.75,1
19.01.2022 06:38:07.254 GMT-0800,19.463,19.447,0.75,1
19.01.2022 06:38:07.679 GMT-0800,19.473,19.457,0.75,1
19.01.2022 06:38:08.108 GMT-0800,19.464000000000002,19.445999999999998,0.75,1
19.01.2022 06:38:09.114 GMT-0800,19.474,19.445999999999998,0.75,1
19.01.2022 06:38:09.165 GMT-0800,19.473,19.457,0.75,1
19.01.2022 06:38:11.330 GMT-0800,19.463,19.447,0.75,1
19.01.2022 06:38:19.231 GMT-0800,19.474,19.456,0.75,1
19.01.2022 06:38:20.314 GMT-0800,19.464000000000002,19.445999999999998,0.75,1
19.01.2022 06:38:21.007 GMT-0800,19.453,19.437,0.75,1
19.01.2022 06:38:21.203 GMT-0800,19.463,19.447,0.75,1
19.01.2022 06:38:30.076 GMT-0800,19.473,19.457,0.75,1
19.01.2022 06:38:31.133 GMT-0800,19.483,19.467000000000002,0.75,1
19.01.2022 06:38:31.234 GMT-0800,19.493,19.477,0.75,1
19.01.2022 06:38:32.765 GMT-0800,19.503,19.487000000000002,0.75,1
19.01.2022 06:38:35.706 GMT-0800,19.513,19.497,0.75,1
19.01.2022 06:38:40.846 GMT-0800,19.514000000000003,19.486,0.75,1
19.01.2022 06:38:40.897 GMT-0800,19.504,19.486,0.75,1
19.01.2022 06:38:41.564 GMT-0800,19.494,19.476,0.75,1
19.01.2022 06:38:43.264 GMT-0800,19.504,19.486,0.75,1
19.01.2022 06:38:47.116 GMT-0800,19.513,19.487000000000002,0.75,1
19.01.2022 06:38:47.167 GMT-0800,19.514000000000003,19.496,0.75,1
19.01.2022 06:38:48.135 GMT-0800,19.504,19.486,0.75,1
19.01.2022 06:38:53.501 GMT-0800,19.493,19.477,0.75,1
19.01.2022 06:38:53.855 GMT-0800,19.504,19.486,0.75,1
19.01.2022 06:38:55.355 GMT-0800,19.514000000000003,19.496,0.75,1
19.01.2022 06:38:57.810 GMT-0800,19.503,19.487000000000002,0.75,1
19.01.2022 06:39:00.183 GMT-0800,19.493,19.477,0.75,1
19.01.2022 06:39:00.594 GMT-0800,19.503,19.477,0.75,1
19.01.2022 06:39:00.745 GMT-0800,19.494,19.476,0.75,1
19.01.2022 06:39:08.645 GMT-0800,19.484,19.456,0.75,1
19.01.2022 06:39:08.695 GMT-0800,19.473,19.457,0.75,1
19.01.2022 06:39:10.262 GMT-0800,19.483,19.457,0.75,1
19.01.2022 06:39:10.313 GMT-0800,19.483,19.467000000000002,0.75,1
19.01.2022 06:39:10.363 GMT-0800,19.483,19.457,0.75,1
19.01.2022 06:39:10.464 GMT-0800,19.474,19.456,0.75,1
19.01.2022 06:39:11.931 GMT-0800,19.463,19.447,0.75,1
19.01.2022 06:39:12.435 GMT-0800,19.474,19.445999999999998,0.75,1
19.01.2022 06:39:12.485 GMT-0800,19.474,19.456,0.75,1
19.01.2022 06:39:17.385 GMT-0800,19.484,19.466,0.75,1
19.01.2022 06:39:18.035 GMT-0800,19.493,19.477,0.75,1
19.01.2022 06:39:19.996 GMT-0800,19.493,19.467000000000002,0.75,1
19.01.2022 06:39:20.046 GMT-0800,19.493,19.477,0.75,1
19.01.2022 06:39:20.362 GMT-0800,19.483,19.467000000000002,0.75,1
19.01.2022 06:39:21.731 GMT-0800,19.493,19.467000000000002,0.75,1
19.01.2022 06:39:21.781 GMT-0800,19.494,19.476,0.75,1
19.01.2022 06:39:29.803 GMT-0800,19.483,19.457,0.75,1
19.01.2022 06:39:29.904 GMT-0800,19.483,19.467000000000002,0.75,1
19.01.2022 06:39:32.796 GMT-0800,19.473,19.457,0.75,1
19.01.2022 06:39:33.782 GMT-0800,19.473,19.447,0.75,1
19.01.2022 06:39:34.568 GMT-0800,19.464000000000002,19.445999999999998,0.75,1
19.01.2022 06:39:34.778 GMT-0800,19.473,19.457,0.75,1
19.01.2022 06:39:35.246 GMT-0800,19.484,19.466,0.75,1
19.01.2022 06:39:35.649 GMT-0800,19.483,19.457,0.75,1
19.01.2022 06:39:35.699 GMT-0800,19.483,19.467000000000002,0.75,1
19.01.2022 06:39:38.311 GMT-0800,19.493,19.477,0.75,1
19.01.2022 06:39:38.966 GMT-0800,19.503,19.487000000000002,0.75,1
19.01.2022 06:39:42.506 GMT-0800,19.494,19.476,0.75,1
19.01.2022 06:39:49.430 GMT-0800,19.503,19.487000000000002,0.75,1
19.01.2022 06:39:49.832 GMT-0800,19.513,19.487000000000002,0.75,1
19.01.2022 06:39:49.883 GMT-0800,19.504,19.486,0.75,1
19.01.2022 06:39:49.933 GMT-0800,19.514000000000003,19.486,0.75,1
19.01.2022 06:39:49.984 GMT-0800,19.524,19.496,0.75,1
19.01.2022 06:39:50.085 GMT-0800,19.524,19.506,0.75,1
19.01.2022 06:39:52.329 GMT-0800,19.533,19.507,0.75,1
19.01.2022 06:39:52.379 GMT-0800,19.534000000000002,19.516,0.75,1
19.01.2022 06:39:53.189 GMT-0800,19.524,19.506,0.75,1
19.01.2022 06:39:55.489 GMT-0800,19.524,19.496,0.75,1
19.01.2022 06:39:55.539 GMT-0800,19.514000000000003,19.496,0.75,1
19.01.2022 06:39:56.208 GMT-0800,19.523,19.497,0.75,1
19.01.2022 06:39:56.308 GMT-0800,19.513,19.497,0.75,1
19.01.2022 06:39:57.698 GMT-0800,19.524,19.496,0.75,1
19.01.2022 06:39:57.849 GMT-0800,19.514000000000003,19.496,0.75,1
19.01.2022 06:39:58.000 GMT-0800,19.524,19.506,0.75,1
19.01.2022 06:39:59.487 GMT-0800,19.514000000000003,19.496,0.75,1
19.01.2022 06:40:00.163 GMT-0800,19.503,19.487000000000002,0.75,1
19.01.2022 06:40:00.748 GMT-0800,19.494,19.476,0.75,1
19.01.2022 06:40:01.000 GMT-0800,19.503,19.477,0.75,1
19.01.2022 06:40:01.050 GMT-0800,19.504,19.486,0.75,1
19.01.2022 06:40:02.415 GMT-0800,19.513,19.487000000000002,0.75,1
19.01.2022 06:40:02.465 GMT-0800,19.503,19.487000000000002,0.75,1
19.01.2022 06:40:02.566 GMT-0800,19.514000000000003,19.496,0.75,1
19.01.2022 06:40:03.998 GMT-0800,19.523,19.507,0.75,1
19.01.2022 06:40:04.099 GMT-0800,19.533,19.517,0.75,1
19.01.2022 06:40:05.208 GMT-0800,19.544,19.526,0.75,1
19.01.2022 06:40:05.512 GMT-0800,19.554000000000002,19.535999999999998,0.75,1
19.01.2022 06:40:07.047 GMT-0800,19.543,19.527,0.75,1
19.01.2022 06:40:08.590 GMT-0800,19.553,19.537000000000003,0.75,1
19.01.2022 06:40:11.504 GMT-0800,19.543,19.527,0.75,1
19.01.2022 06:40:11.655 GMT-0800,19.534000000000002,19.516,0.75,1
19.01.2022 06:40:11.926 GMT-0800,19.543,19.527,0.75,1
19.01.2022 06:40:14.175 GMT-0800,19.533,19.517,0.75,1
19.01.2022 06:40:15.499 GMT-0800,19.543,19.527,0.75,1
19.01.2022 06:40:18.909 GMT-0800,19.533,19.517,0.75,1
19.01.2022 06:40:23.327 GMT-0800,19.544,19.526,0.75,1
19.01.2022 06:40:29.673 GMT-0800,19.544,19.516,0.75,1
19.01.2022 06:40:29.724 GMT-0800,19.533,19.517,0.75,1
19.01.2022 06:40:30.080 GMT-0800,19.543,19.527,0.75,1
19.01.2022 06:40:31.508 GMT-0800,19.553,19.527,0.75,1
19.01.2022 06:40:31.559 GMT-0800,19.553,19.537000000000003,0.75,1
19.01.2022 06:40:33.709 GMT-0800,19.564,19.546,0.75,1
19.01.2022 06:40:33.961 GMT-0800,19.553,19.537000000000003,0.75,1
19.01.2022 06:40:34.751 GMT-0800,19.564,19.546,0.75,1
19.01.2022 06:40:34.953 GMT-0800,19.554000000000002,19.535999999999998,0.75,1
19.01.2022 06:40:38.863 GMT-0800,19.563,19.547,0.75,1
19.01.2022 06:40:39.293 GMT-0800,19.574,19.556,0.75,1
19.01.2022 06:40:40.321 GMT-0800,19.564,19.546,0.75,1
19.01.2022 06:40:41.369 GMT-0800,19.574,19.546,0.75,1
19.01.2022 06:40:41.545 GMT-0800,19.573,19.557000000000002,0.75,1
19.01.2022 06:40:42.861 GMT-0800,19.564,19.546,0.75,1
19.01.2022 06:40:43.546 GMT-0800,19.584,19.566,0.75,1
19.01.2022 06:40:44.341 GMT-0800,19.574,19.556,0.75,1
19.01.2022 06:40:47.222 GMT-0800,19.564,19.546,0.75,1
19.01.2022 06:40:47.817 GMT-0800,19.554000000000002,19.535999999999998,0.75,1
19.01.2022 06:40:48.444 GMT-0800,19.563,19.537000000000003,0.75,1
19.01.2022 06:40:48.495 GMT-0800,19.553,19.537000000000003,0.75,1
19.01.2022 06:40:48.595 GMT-0800,19.563,19.537000000000003,0.75,1
19.01.2022 06:40:48.646 GMT-0800,19.563,19.547,0.75,1
19.01.2022 06:40:49.199 GMT-0800,19.573,19.547,0.75,1
19.01.2022 06:40:49.250 GMT-0800,19.563,19.547,0.75,1
19.01.2022 06:40:52.780 GMT-0800,19.553,19.537000000000003,0.75,1
19.01.2022 06:40:53.032 GMT-0800,19.563,19.537000000000003,0.75,1
19.01.2022 06:40:53.330 GMT-0800,19.564,19.546,0.75,1
19.01.2022 06:40:55.442 GMT-0800,19.573,19.557000000000002,0.75,1
19.01.2022 06:40:56.789 GMT-0800,19.563,19.547,0.75,1
19.01.2022 06:40:57.691 GMT-0800,19.573,19.547,0.75,1
19.01.2022 06:40:57.742 GMT-0800,19.564,19.546,0.75,1
19.01.2022 06:41:00.493 GMT-0800,19.553,19.537000000000003,0.75,1
19.01.2022 06:41:07.813 GMT-0800,19.563,19.547,0.75,1
19.01.2022 06:41:09.829 GMT-0800,19.564,19.535999999999998,0.75,1
19.01.2022 06:41:09.879 GMT-0800,19.564,19.546,0.75,1
19.01.2022 06:41:10.356 GMT-0800,19.553,19.537000000000003,0.75,1
19.01.2022 06:41:10.716 GMT-0800,19.544,19.526,0.75,1
19.01.2022 06:41:11.010 GMT-0800,19.553,19.527,0.75,1
19.01.2022 06:41:11.111 GMT-0800,19.554000000000002,19.535999999999998,0.75,1
19.01.2022 06:41:17.609 GMT-0800,19.564,19.546,0.75,1
19.01.2022 06:41:18.576 GMT-0800,19.554000000000002,19.535999999999998,0.75,1
19.01.2022 06:41:27.665 GMT-0800,19.563,19.537000000000003,0.75,1
19.01.2022 06:41:27.857 GMT-0800,19.563,19.547,0.75,1
19.01.2022 06:41:28.162 GMT-0800,19.573,19.547,0.75,1
19.01.2022 06:41:28.265 GMT-0800,19.563,19.547,0.75,1
19.01.2022 06:41:28.633 GMT-0800,19.573,19.547,0.75,1
19.01.2022 06:41:28.790 GMT-0800,19.563,19.547,0.001,1
19.01.2022 06:41:38.502 GMT-0800,19.574,19.556,0.75,1
19.01.2022 06:41:38.674 GMT-0800,19.583,19.567,0.75,1
19.01.2022 06:41:41.575 GMT-0800,19.594,19.566,0.75,1
19.01.2022 06:41:41.626 GMT-0800,19.583,19.567,0.75,1
19.01.2022 06:41:42.921 GMT-0800,19.594,19.576,0.75,1
19.01.2022 06:41:45.326 GMT-0800,19.603,19.577,0.75,1
19.01.2022 06:41:45.377 GMT-0800,19.603,19.587,0.75,1
19.01.2022 06:41:46.000 GMT-0800,19.613,19.597,0.75,1
19.01.2022 06:41:46.252 GMT-0800,19.613,19.587,0.75,1
19.01.2022 06:41:46.302 GMT-0800,19.613,19.597,0.75,1
19.01.2022 06:41:46.844 GMT-0800,19.604000000000003,19.586,0.75,1
19.01.2022 06:41:51.107 GMT-0800,19.603,19.577,0.75,1
19.01.2022 06:41:51.158 GMT-0800,19.603,19.587,0.75,1
19.01.2022 06:41:51.259 GMT-0800,19.593,19.577,0.75,1
19.01.2022 06:41:51.745 GMT-0800,19.584,19.566,0.75,1
19.01.2022 06:41:52.578 GMT-0800,19.593,19.577,0.75,1
19.01.2022 06:41:52.992 GMT-0800,19.603,19.587,0.75,1
19.01.2022 06:42:00.161 GMT-0800,19.593,19.577,0.75,1
19.01.2022 06:42:00.614 GMT-0800,19.584,19.566,0.75,1
19.01.2022 06:42:03.287 GMT-0800,19.573,19.557000000000002,0.75,1
19.01.2022 06:42:06.372 GMT-0800,19.584,19.556,0.75,1
19.01.2022 06:42:06.423 GMT-0800,19.584,19.566,0.75,1
19.01.2022 06:42:06.753 GMT-0800,19.574,19.556,0.75,1
19.01.2022 06:42:07.583 GMT-0800,19.584,19.566,0.75,1
19.01.2022 06:42:10.033 GMT-0800,19.583,19.557000000000002,0.75,1
19.01.2022 06:42:10.084 GMT-0800,19.574,19.556,0.75,1
19.01.2022 06:42:10.449 GMT-0800,19.564,19.556,0.001,0.75
19.01.2022 06:42:10.499 GMT-0800,19.564,19.546,0.75,1
19.01.2022 06:42:10.919 GMT-0800,19.573,19.547,0.75,1
19.01.2022 06:42:10.970 GMT-0800,19.564,19.546,0.75,1
19.01.2022 06:42:11.323 GMT-0800,19.574,19.556,0.75,1
19.01.2022 06:42:13.219 GMT-0800,19.584,19.566,0.75,1
19.01.2022 06:42:16.418 GMT-0800,19.574,19.556,0.75,1
19.01.2022 06:42:19.981 GMT-0800,19.583,19.567,0.75,1
19.01.2022 06:42:20.859 GMT-0800,19.593,19.577,0.75,1
19.01.2022 06:42:20.960 GMT-0800,19.584,19.566,0.75,1
19.01.2022 06:42:22.000 GMT-0800,19.574,19.556,0.75,1
19.01.2022 06:42:24.402 GMT-0800,19.564,19.556,0.001,0.75
19.01.2022 06:42:24.452 GMT-0800,19.563,19.547,0.75,1
19.01.2022 06:42:26.165 GMT-0800,19.573,19.557000000000002,0.75,1
19.01.2022 06:42:27.386 GMT-0800,19.563,19.547,0.75,1
19.01.2022 06:42:29.106 GMT-0800,19.573,19.557000000000002,0.75,1
19.01.2022 06:42:29.406 GMT-0800,19.563,19.547,0.75,1
19.01.2022 06:42:29.925 GMT-0800,19.573,19.547,0.75,1
19.01.2022 06:42:30.025 GMT-0800,19.593,19.557000000000002,0.75,1
19.01.2022 06:42:30.077 GMT-0800,19.593,19.567,0.75,1
19.01.2022 06:42:30.228 GMT-0800,19.604000000000003,19.586,0.75,1
19.01.2022 06:42:31.738 GMT-0800,19.593,19.577,0.75,1
19.01.2022 06:42:35.731 GMT-0800,19.603,19.577,0.75,1
19.01.2022 06:42:35.782 GMT-0800,19.603,19.587,0.75,1
19.01.2022 06:42:35.884 GMT-0800,19.594,19.576,0.75,1
19.01.2022 06:42:41.471 GMT-0800,19.614,19.576,0.75,1
19.01.2022 06:42:41.572 GMT-0800,19.624000000000002,19.586,0.75,1
19.01.2022 06:42:41.673 GMT-0800,19.624000000000002,19.596,0.75,1
19.01.2022 06:42:41.778 GMT-0800,19.624000000000002,19.605999999999998,0.75,1
19.01.2022 06:42:44.244 GMT-0800,19.614,19.596,0.75,1
19.01.2022 06:42:44.404 GMT-0800,19.624000000000002,19.605999999999998,0.75,1
19.01.2022 06:42:48.909 GMT-0800,19.634,19.616,0.75,1
19.01.2022 06:42:50.874 GMT-0800,19.633,19.627000000000002,0.001,0.75
19.01.2022 06:42:50.925 GMT-0800,19.644000000000002,19.626,0.75,1
19.01.2022 06:42:51.210 GMT-0800,19.634,19.616,0.75,1
19.01.2022 06:42:51.578 GMT-0800,19.643,19.627000000000002,0.75,1
19.01.2022 06:42:51.729 GMT-0800,19.653,19.627000000000002,0.75,1
19.01.2022 06:42:51.779 GMT-0800,19.653,19.637,0.75,1
19.01.2022 06:42:51.881 GMT-0800,19.643,19.627000000000002,0.75,1
19.01.2022 06:42:52.032 GMT-0800,19.654,19.636,0.75,1
19.01.2022 06:42:52.283 GMT-0800,19.643,19.627000000000002,0.75,1
19.01.2022 06:42:52.485 GMT-0800,19.634,19.616,0.75,1
19.01.2022 06:42:54.820 GMT-0800,19.644000000000002,19.626,0.75,1
19.01.2022 06:42:55.868 GMT-0800,19.634,19.626,0.001,0.75
19.01.2022 06:42:55.918 GMT-0800,19.633,19.617,0.75,1
19.01.2022 06:42:56.864 GMT-0800,19.643,19.627000000000002,0.75,1
19.01.2022 06:42:57.217 GMT-0800,19.654,19.636,0.75,1
19.01.2022 06:42:58.992 GMT-0800,19.643,19.627000000000002,0.75,1
19.01.2022 06:42:59.478 GMT-0800,19.663,19.647000000000002,0.75,1
19.01.2022 06:42:59.734 GMT-0800,19.654,19.636,0.75,1
19.01.2022 06:43:01.159 GMT-0800,19.663,19.647000000000002,0.75,1
19.01.2022 06:43:02.684 GMT-0800,19.673,19.657,0.75,1
19.01.2022 06:43:03.019 GMT-0800,19.673,19.647000000000002,0.75,1
19.01.2022 06:43:03.070 GMT-0800,19.664,19.646,0.75,1
19.01.2022 06:43:05.895 GMT-0800,19.674000000000003,19.656,0.75,1
19.01.2022 06:43:06.407 GMT-0800,19.664,19.646,0.75,1
19.01.2022 06:43:09.184 GMT-0800,19.673,19.647000000000002,0.75,1
19.01.2022 06:43:09.234 GMT-0800,19.674000000000003,19.656,0.75,1
19.01.2022 06:43:11.523 GMT-0800,19.684,19.666,0.75,1
19.01.2022 06:43:13.413 GMT-0800,19.693,19.677,0.75,1
19.01.2022 06:43:14.497 GMT-0800,19.683,19.667,0.75,1
19.01.2022 06:43:18.478 GMT-0800,19.673,19.657,0.75,1
19.01.2022 06:43:20.848 GMT-0800,19.683,19.667,0.75,1
19.01.2022 06:43:22.154 GMT-0800,19.674000000000003,19.656,0.75,1
19.01.2022 06:43:25.874 GMT-0800,19.683,19.657,0.75,1
19.01.2022 06:43:25.925 GMT-0800,19.674000000000003,19.656,0.75,1
19.01.2022 06:43:35.210 GMT-0800,19.684,19.666,0.75,1
19.01.2022 06:43:36.284 GMT-0800,19.694000000000003,19.676,0.75,1
19.01.2022 06:43:37.466 GMT-0800,19.684,19.666,0.75,1
19.01.2022 06:43:38.396 GMT-0800,19.673,19.657,0.75,1
19.01.2022 06:43:39.813 GMT-0800,19.663,19.647000000000002,0.75,1
19.01.2022 06:43:39.914 GMT-0800,19.673,19.657,0.75,1
19.01.2022 06:43:42.077 GMT-0800,19.663,19.647000000000002,0.75,1
19.01.2022 06:43:42.785 GMT-0800,19.664,19.636,0.75,1
19.01.2022 06:43:42.886 GMT-0800,19.653,19.637,0.75,1
19.01.2022 06:43:44.218 GMT-0800,19.664,19.646,0.75,1
19.01.2022 06:43:47.163 GMT-0800,19.653,19.637,0.75,1
19.01.2022 06:43:48.565 GMT-0800,19.663,19.647000000000002,0.75,1
19.01.2022 06:43:54.395 GMT-0800,19.653,19.647000000000002,0.001,0.75
19.01.2022 06:43:54.446 GMT-0800,19.654,19.636,0.75,1
19.01.2022 06:43:55.099 GMT-0800,19.663,19.647000000000002,0.75,1
19.01.2022 06:43:59.010 GMT-0800,19.653,19.637,0.75,1
19.01.2022 06:43:59.654 GMT-0800,19.644000000000002,19.626,0.75,1
19.01.2022 06:43:59.755 GMT-0800,19.653,19.637,0.75,1
19.01.2022 06:44:00.016 GMT-0800,19.644000000000002,19.626,0.75,1
19.01.2022 06:44:00.901 GMT-0800,19.654,19.636,0.75,1
19.01.2022 06:44:02.497 GMT-0800,19.663,19.647000000000002,0.75,1
19.01.2022 06:44:02.799 GMT-0800,19.674000000000003,19.656,0.75,1
19.01.2022 06:44:03.256 GMT-0800,19.664,19.646,0.75,1
19.01.2022 06:44:07.442 GMT-0800,19.643,19.627000000000002,0.75,1
19.01.2022 06:44:10.364 GMT-0800,19.634,19.616,0.001,1
19.01.2022 06:44:13.027 GMT-0800,19.623,19.607,0.75,1
19.01.2022 06:44:17.475 GMT-0800,19.623,19.617,0.001,0.75
19.01.2022 06:44:17.526 GMT-0800,19.633,19.617,0.75,1
19.01.2022 06:44:18.618 GMT-0800,19.634,19.605999999999998,0.75,1
19.01.2022 06:44:18.668 GMT-0800,19.623,19.607,0.75,1
19.01.2022 06:44:20.057 GMT-0800,19.633,19.617,0.75,1
19.01.2022 06:44:20.591 GMT-0800,19.613,19.597,0.75,1
19.01.2022 06:44:20.742 GMT-0800,19.624000000000002,19.605999999999998,0.75,1
19.01.2022 06:44:21.711 GMT-0800,19.634,19.616,0.75,1
19.01.2022 06:44:24.077 GMT-0800,19.623,19.607,0.75,1
19.01.2022 06:44:33.594 GMT-0800,19.614,19.596,0.75,1
19.01.2022 06:44:33.749 GMT-0800,19.603,19.587,0.75,1
19.01.2022 06:44:33.900 GMT-0800,19.594,19.576,0.75,1
19.01.2022 06:44:34.334 GMT-0800,19.584,19.566,0.75,1
19.01.2022 06:44:36.012 GMT-0800,19.593,19.577,0.75,1
19.01.2022 06:44:37.101 GMT-0800,19.583,19.567,0.75,1
19.01.2022 06:44:37.926 GMT-0800,19.594,19.576,0.75,1
19.01.2022 06:44:48.228 GMT-0800,19.584,19.566,0.75,1
19.01.2022 06:44:49.065 GMT-0800,19.593,19.577,0.75,1
19.01.2022 06:44:49.493 GMT-0800,19.603,19.587,0.75,1
19.01.2022 06:44:49.702 GMT-0800,19.593,19.577,0.75,1
19.01.2022 06:44:53.250 GMT-0800,19.604000000000003,19.586,0.75,1
19.01.2022 06:44:54.799 GMT-0800,19.594,19.576,0.75,1
19.01.2022 06:44:58.483 GMT-0800,19.603,19.587,0.75,1
19.01.2022 06:44:59.432 GMT-0800,19.614,19.586,0.75,1
19.01.2022 06:44:59.483 GMT-0800,19.614,19.596,0.75,1
19.01.2022 06:44:59.584 GMT-0800,19.604000000000003,19.586,0.75,1
19.01.2022 06:45:00.209 GMT-0800,19.593,19.577,0.75,1
19.01.2022 06:45:01.733 GMT-0800,19.603,19.587,0.75,1
19.01.2022 06:45:03.634 GMT-0800,19.614,19.596,0.75,1
19.01.2022 06:45:04.982 GMT-0800,19.593,19.577,0.75,1
19.01.2022 06:45:10.651 GMT-0800,19.583,19.567,0.75,1
19.01.2022 06:45:11.970 GMT-0800,19.594,19.576,0.75,1
19.01.2022 06:45:12.750 GMT-0800,19.584,19.566,0.75,1
19.01.2022 06:45:13.393 GMT-0800,19.574,19.556,0.75,1
19.01.2022 06:45:15.027 GMT-0800,19.564,19.546,0.75,1
19.01.2022 06:45:16.173 GMT-0800,19.554000000000002,19.535999999999998,0.75,1
19.01.2022 06:45:22.419 GMT-0800,19.544,19.526,0.75,1
19.01.2022 06:45:22.788 GMT-0800,19.553,19.537000000000003,0.75,1
19.01.2022 06:45:24.512 GMT-0800,19.544,19.526,0.75,1
19.01.2022 06:45:26.710 GMT-0800,19.553,19.527,0.75,1
19.01.2022 06:45:26.811 GMT-0800,19.543,19.527,0.75,1
19.01.2022 06:45:28.293 GMT-0800,19.553,19.537000000000003,0.75,1
19.01.2022 06:45:28.796 GMT-0800,19.563,19.547,0.75,1
19.01.2022 06:45:29.101 GMT-0800,19.553,19.537000000000003,0.75,1
19.01.2022 06:45:31.453 GMT-0800,19.543,19.527,0.75,1
19.01.2022 06:45:32.088 GMT-0800,19.553,19.537000000000003,0.75,1
19.01.2022 06:45:36.226 GMT-0800,19.543,19.527,0.75,1
19.01.2022 06:45:38.872 GMT-0800,19.543,19.517,0.75,1
19.01.2022 06:45:38.923 GMT-0800,19.534000000000002,19.516,0.75,1
19.01.2022 06:45:39.693 GMT-0800,19.544,19.526,0.75,1
19.01.2022 06:45:40.622 GMT-0800,19.554000000000002,19.535999999999998,0.75,1
19.01.2022 06:45:40.840 GMT-0800,19.544,19.526,0.75,1
19.01.2022 06:45:43.439 GMT-0800,19.554000000000002,19.535999999999998,0.75,1
19.01.2022 06:45:43.943 GMT-0800,19.564,19.535999999999998,0.75,1
19.01.2022 06:45:43.993 GMT-0800,19.564,19.546,0.75,1
19.01.2022 06:45:45.229 GMT-0800,19.554000000000002,19.535999999999998,0.75,1
19.01.2022 06:45:47.783 GMT-0800,19.564,19.546,0.75,1
19.01.2022 06:45:48.776 GMT-0800,19.554000000000002,19.535999999999998,0.75,1
19.01.2022 06:45:51.417 GMT-0800,19.564,19.546,0.75,1
19.01.2022 06:45:53.340 GMT-0800,19.553,19.537000000000003,0.75,1
19.01.2022 06:45:53.609 GMT-0800,19.564,19.535999999999998,0.75,1
19.01.2022 06:45:53.659 GMT-0800,19.554000000000002,19.535999999999998,0.75,1
19.01.2022 06:45:53.861 GMT-0800,19.554000000000002,19.526,0.75,1
19.01.2022 06:45:53.911 GMT-0800,19.543,19.527,0.75,1
19.01.2022 06:45:54.119 GMT-0800,19.554000000000002,19.535999999999998,0.75,1
19.01.2022 06:45:58.085 GMT-0800,19.543,19.527,0.75,1
19.01.2022 06:45:59.143 GMT-0800,19.553,19.537000000000003,0.75,1
19.01.2022 06:46:01.641 GMT-0800,19.544,19.526,0.75,1
19.01.2022 06:46:02.975 GMT-0800,19.533,19.517,0.75,1
19.01.2022 06:46:04.688 GMT-0800,19.543,19.527,0.75,1
19.01.2022 06:46:05.439 GMT-0800,19.533,19.517,0.75,1
19.01.2022 06:46:06.924 GMT-0800,19.523,19.507,0.75,1
19.01.2022 06:46:07.075 GMT-0800,19.513,19.497,0.75,1
19.01.2022 06:46:07.537 GMT-0800,19.524,19.496,0.75,1
19.01.2022 06:46:07.587 GMT-0800,19.514000000000003,19.496,0.75,1
19.01.2022 06:46:08.073 GMT-0800,19.504,19.486,0.75,1
19.01.2022 06:46:08.314 GMT-0800,19.514000000000003,19.486,0.75,1
19.01.2022 06:46:08.364 GMT-0800,19.514000000000003,19.496,0.75,1
19.01.2022 06:46:09.471 GMT-0800,19.504,19.486,0.75,1
19.01.2022 06:46:11.147 GMT-0800,19.504,19.476,0.75,1
19.01.2022 06:46:11.197 GMT-0800,19.503,19.487000000000002,0.75,1
19.01.2022 06:46:11.300 GMT-0800,19.493,19.477,0.75,1
19.01.2022 06:46:14.222 GMT-0800,19.484,19.456,0.75,1
19.01.2022 06:46:14.322 GMT-0800,19.483,19.467000000000002,0.75,1
19.01.2022 06:46:14.473 GMT-0800,19.473,19.457,0.75,1
19.01.2022 06:46:14.574 GMT-0800,19.483,19.467000000000002,0.75,1
19.01.2022 06:46:16.807 GMT-0800,19.474,19.466,0.001,0.75
19.01.2022 06:46:16.857 GMT-0800,19.484,19.466,0.75,1
19.01.2022 06:46:18.541 GMT-0800,19.474,19.456,0.75,1
19.01.2022 06:46:19.758 GMT-0800,19.483,19.457,0.75,1
19.01.2022 06:46:19.809 GMT-0800,19.484,19.466,0.75,1
19.01.2022 06:46:19.962 GMT-0800,19.473,19.457,0.75,1
19.01.2022 06:46:21.144 GMT-0800,19.483,19.467000000000002,0.75,1
19.01.2022 06:46:21.496 GMT-0800,19.473,19.457,0.75,1
19.01.2022 06:46:23.176 GMT-0800,19.464000000000002,19.445999999999998,0.75,1
19.01.2022 06:46:23.277 GMT-0800,19.474,19.445999999999998,0.75,1
19.01.2022 06:46:23.327 GMT-0800,19.474,19.456,0.75,1
19.01.2022 06:46:23.378 GMT-0800,19.483,19.457,0.75,1
19.01.2022 06:46:23.428 GMT-0800,19.493,19.477,0.75,1
19.01.2022 06:46:23.529 GMT-0800,19.504,19.486,0.75,1
19.01.2022 06:46:23.630 GMT-0800,19.494,19.476,0.75,1
19.01.2022 06:46:24.402 GMT-0800,19.503,19.487000000000002,0.75,1
19.01.2022 06:46:26.022 GMT-0800,19.493,19.477,0.75,1
19.01.2022 06:46:26.180 GMT-0800,19.503,19.477,0.75,1
19.01.2022 06:46:26.231 GMT-0800,19.503,19.487000000000002,0.75,1
19.01.2022 06:46:27.573 GMT-0800,19.494,19.476,0.75,1
19.01.2022 06:46:27.623 GMT-0800,19.504,19.476,0.75,1
19.01.2022 06:46:27.848 GMT-0800,19.493,19.477,0.75,1
19.01.2022 06:46:32.990 GMT-0800,19.504,19.486,0.75,1
19.01.2022 06:46:33.493 GMT-0800,19.504,19.476,0.75,1
19.01.2022 06:46:33.543 GMT-0800,19.504,19.486,0.75,1
19.01.2022 06:46:37.350 GMT-0800,19.504,19.476,0.75,1
19.01.2022 06:46:37.450 GMT-0800,19.494,19.476,0.75,1
19.01.2022 06:46:37.602 GMT-0800,19.503,19.487000000000002,0.75,1
19.01.2022 06:46:38.297 GMT-0800,19.504,19.476,0.75,1
19.01.2022 06:46:38.347 GMT-0800,19.494,19.476,0.75,1
19.01.2022 06:46:43.042 GMT-0800,19.484,19.466,0.75,1
19.01.2022 06:46:43.368 GMT-0800,19.473,19.457,0.75,1
19.01.2022 06:46:45.576 GMT-0800,19.484,19.466,0.75,1
19.01.2022 06:46:46.729 GMT-0800,19.493,19.467000000000002,0.75,1
19.01.2022 06:46:46.779 GMT-0800,19.493,19.477,0.75,1
19.01.2022 06:46:47.511 GMT-0800,19.503,19.477,0.75,1
19.01.2022 06:46:47.562 GMT-0800,19.503,19.487000000000002,0.75,1
19.01.2022 06:46:48.286 GMT-0800,19.514000000000003,19.496,0.75,1
19.01.2022 06:46:49.338 GMT-0800,19.513,19.487000000000002,0.75,1
19.01.2022 06:46:49.439 GMT-0800,19.503,19.487000000000002,0.75,1
19.01.2022 06:46:50.384 GMT-0800,19.514000000000003,19.496,0.75,1
19.01.2022 06:46:50.485 GMT-0800,19.513,19.487000000000002,0.75,1
19.01.2022 06:46:50.536 GMT-0800,19.513,19.497,0.75,1
19.01.2022 06:46:51.926 GMT-0800,19.504,19.486,0.75,1
19.01.2022 06:46:52.502 GMT-0800,19.503,19.477,0.75,1
19.01.2022 06:46:52.614 GMT-0800,19.504,19.476,0.75,1
19.01.2022 06:46:52.793 GMT-0800,19.494,19.476,0.75,1
19.01.2022 06:46:53.145 GMT-0800,19.503,19.477,0.75,1
19.01.2022 06:46:53.195 GMT-0800,19.494,19.476,0.75,1
19.01.2022 06:46:55.725 GMT-0800,19.504,19.486,0.75,1
19.01.2022 06:47:00.542 GMT-0800,19.514000000000003,19.496,0.75,1
19.01.2022 06:47:00.997 GMT-0800,19.514000000000003,19.486,0.75,1
19.01.2022 06:47:01.048 GMT-0800,19.504,19.486,0.75,1
19.01.2022 06:47:01.149 GMT-0800,19.493,19.477,0.75,1
19.01.2022 06:47:02.305 GMT-0800,19.504,19.486,0.75,1
19.01.2022 06:47:03.299 GMT-0800,19.514000000000003,19.496,0.75,1
19.01.2022 06:47:03.917 GMT-0800,19.513,19.487000000000002,0.75,1
19.01.2022 06:47:03.967 GMT-0800,19.503,19.487000000000002,0.75,1
19.01.2022 06:47:05.337 GMT-0800,19.494,19.476,0.75,1
19.01.2022 06:47:05.639 GMT-0800,19.504,19.486,0.75,1
19.01.2022 06:47:06.589 GMT-0800,19.513,19.497,0.75,1
19.01.2022 06:47:08.064 GMT-0800,19.523,19.507,0.75,1
19.01.2022 06:47:08.321 GMT-0800,19.534000000000002,19.516,0.75,1
19.01.2022 06:47:08.594 GMT-0800,19.524,19.506,0.75,1
19.01.2022 06:47:08.720 GMT-0800,19.523,19.517,0.001,0.75
19.01.2022 06:47:08.770 GMT-0800,19.534000000000002,19.516,0.75,1
19.01.2022 06:47:08.922 GMT-0800,19.523,19.507,0.75,1
19.01.2022 06:47:09.279 GMT-0800,19.534000000000002,19.516,0.75,1
19.01.2022 06:47:09.583 GMT-0800,19.524,19.506,0.75,1
19.01.2022 06:47:09.684 GMT-0800,19.513,19.497,0.75,1
19.01.2022 06:47:11.546 GMT-0800,19.513,19.487000000000002,0.75,1
19.01.2022 06:47:11.597 GMT-0800,19.503,19.487000000000002,0.75,1
19.01.2022 06:47:11.749 GMT-0800,19.513,19.497,0.75,1
19.01.2022 06:47:15.076 GMT-0800,19.504,19.486,0.75,1
19.01.2022 06:47:16.911 GMT-0800,19.494,19.476,0.75,1
19.01.2022 06:47:17.827 GMT-0800,19.504,19.486,0.75,1
19.01.2022 06:47:19.814 GMT-0800,19.514000000000003,19.496,0.75,1
19.01.2022 06:47:19.865 GMT-0800,19.513,19.487000000000002,0.75,1
19.01.2022 06:47:19.916 GMT-0800,19.503,19.487000000000002,0.75,1
19.01.2022 06:47:22.513 GMT-0800,19.493,19.477,0.75,1
19.01.2022 06:47:23.158 GMT-0800,19.503,19.487000000000002,0.75,1
19.01.2022 06:47:27.231 GMT-0800,19.513,19.497,0.75,1
19.01.2022 06:47:27.332 GMT-0800,19.503,19.487000000000002,0.75,1
19.01.2022 06:47:29.106 GMT-0800,19.514000000000003,19.496,0.75,1
19.01.2022 06:47:30.155 GMT-0800,19.504,19.486,0.001,1
19.01.2022 06:47:34.297 GMT-0800,19.513,19.497,0.75,1
19.01.2022 06:47:35.149 GMT-0800,19.523,19.507,0.75,1
19.01.2022 06:47:35.519 GMT-0800,19.513,19.497,0.75,1
19.01.2022 06:47:35.821 GMT-0800,19.524,19.506,0.75,1
19.01.2022 06:47:39.424 GMT-0800,19.513,19.497,0.75,1
19.01.2022 06:47:40.316 GMT-0800,19.523,19.507,0.75,1
19.01.2022 06:47:40.518 GMT-0800,19.524,19.496,0.75,1
19.01.2022 06:47:40.568 GMT-0800,19.513,19.497,0.75,1
19.01.2022 06:47:41.079 GMT-0800,19.523,19.507,0.75,1
19.01.2022 06:47:41.230 GMT-0800,19.524,19.496,0.75,1
19.01.2022 06:47:41.280 GMT-0800,19.513,19.497,0.75,1
19.01.2022 06:47:41.905 GMT-0800,19.514000000000003,19.486,0.75,1
19.01.2022 06:47:42.006 GMT-0800,19.504,19.486,0.75,1
19.01.2022 06:47:44.779 GMT-0800,19.514000000000003,19.496,0.75,1
19.01.2022 06:47:45.183 GMT-0800,19.523,19.507,0.75,1
19.01.2022 06:47:45.598 GMT-0800,19.514000000000003,19.496,0.75,1
19.01.2022 06:47:47.100 GMT-0800,19.523,19.507,0.75,1
19.01.2022 06:47:47.510 GMT-0800,19.513,19.497,0.75,1
19.01.2022 06:47:51.200 GMT-0800,19.503,19.487000000000002,0.75,1
19.01.2022 06:47:53.872 GMT-0800,19.494,19.476,0.75,1
19.01.2022 06:47:55.154 GMT-0800,19.503,19.487000000000002,0.75,1
19.01.2022 06:47:57.103 GMT-0800,19.494,19.476,0.75,1
19.01.2022 06:47:58.979 GMT-0800,19.504,19.486,0.75,1
19.01.2022 06:48:00.354 GMT-0800,19.493,19.477,0.75,1
19.01.2022 06:48:02.179 GMT-0800,19.503,19.487000000000002,0.75,1
19.01.2022 06:48:05.200 GMT-0800,19.514000000000003,19.496,0.75,1
19.01.2022 06:48:05.544 GMT-0800,19.503,19.487000000000002,0.75,1
19.01.2022 06:48:06.920 GMT-0800,19.494,19.476,0.75,1
19.01.2022 06:48:08.434 GMT-0800,19.504,19.486,0.75,1
19.01.2022 06:48:09.166 GMT-0800,19.493,19.477,0.75,1
19.01.2022 06:48:09.373 GMT-0800,19.483,19.457,0.75,1
19.01.2022 06:48:09.424 GMT-0800,19.474,19.456,0.75,1
19.01.2022 06:48:13.105 GMT-0800,19.484,19.466,0.75,1
19.01.2022 06:48:13.463 GMT-0800,19.473,19.457,0.75,1
19.01.2022 06:48:15.807 GMT-0800,19.463,19.447,0.75,1
19.01.2022 06:48:15.908 GMT-0800,19.474,19.456,0.75,1
19.01.2022 06:48:19.781 GMT-0800,19.473,19.447,0.75,1
19.01.2022 06:48:19.831 GMT-0800,19.464000000000002,19.445999999999998,0.75,1
19.01.2022 06:48:20.043 GMT-0800,19.473,19.457,0.75,1
19.01.2022 06:48:22.267 GMT-0800,19.464000000000002,19.445999999999998,0.75,1
19.01.2022 06:48:32.398 GMT-0800,19.474,19.456,0.75,1
19.01.2022 06:48:32.728 GMT-0800,19.474,19.445999999999998,0.75,1
19.01.2022 06:48:32.779 GMT-0800,19.464000000000002,19.445999999999998,0.75,1
19.01.2022 06:48:35.046 GMT-0800,19.454,19.436,0.75,1
19.01.2022 06:48:35.197 GMT-0800,19.463,19.447,0.75,1
19.01.2022 06:48:36.979 GMT-0800,19.454,19.436,0.75,1
19.01.2022 06:48:39.271 GMT-0800,19.464000000000002,19.445999999999998,0.75,1
19.01.2022 06:48:40.747 GMT-0800,19.474,19.456,0.75,1
19.01.2022 06:48:41.744 GMT-0800,19.464000000000002,19.445999999999998,0.75,1
19.01.2022 06:48:42.878 GMT-0800,19.474,19.456,0.75,1
19.01.2022 06:48:43.530 GMT-0800,19.484,19.466,0.75,1
19.01.2022 06:48:44.099 GMT-0800,19.493,19.477,0.75,1
19.01.2022 06:48:50.189 GMT-0800,19.504,19.486,0.75,1
19.01.2022 06:48:50.708 GMT-0800,19.494,19.476,0.75,1
19.01.2022 06:48:51.163 GMT-0800,19.504,19.476,0.75,1
19.01.2022 06:48:51.214 GMT-0800,19.503,19.477,0.75,1
19.01.2022 06:48:51.368 GMT-0800,19.493,19.477,0.75,1
19.01.2022 06:48:51.933 GMT-0800,19.493,19.467000000000002,0.75,1
19.01.2022 06:48:52.084 GMT-0800,19.494,19.476,0.75,1
19.01.2022 06:48:52.185 GMT-0800,19.483,19.467000000000002,0.75,1
19.01.2022 06:48:52.949 GMT-0800,19.493,19.477,0.75,1
19.01.2022 06:48:55.191 GMT-0800,19.503,19.487000000000002,0.75,1
19.01.2022 06:48:57.203 GMT-0800,19.494,19.476,0.75,1
19.01.2022 06:49:01.286 GMT-0800,19.503,19.487000000000002,0.75,1
19.01.2022 06:49:02.423 GMT-0800,19.513,19.497,0.75,1
19.01.2022 06:49:03.977 GMT-0800,19.503,19.487000000000002,0.75,1
19.01.2022 06:49:05.464 GMT-0800,19.513,19.497,0.75,1
19.01.2022 06:49:06.718 GMT-0800,19.504,19.486,0.75,1
19.01.2022 06:49:08.514 GMT-0800,19.514000000000003,19.496,0.75,1
19.01.2022 06:49:09.838 GMT-0800,19.503,19.487000000000002,0.75,1
19.01.2022 06:49:10.143 GMT-0800,19.493,19.477,0.75,1
19.01.2022 06:49:11.454 GMT-0800,19.504,19.486,0.75,1
19.01.2022 06:49:13.258 GMT-0800,19.514000000000003,19.496,0.75,1
19.01.2022 06:49:13.510 GMT-0800,19.504,19.486,0.75,1
19.01.2022 06:49:15.121 GMT-0800,19.504,19.476,0.75,1
19.01.2022 06:49:15.222 GMT-0800,19.493,19.477,0.75,1
19.01.2022 06:49:16.473 GMT-0800,19.503,19.487000000000002,0.75,1
19.01.2022 06:49:17.553 GMT-0800,19.503,19.477,0.75,1
19.01.2022 06:49:17.654 GMT-0800,19.504,19.486,0.75,1
19.01.2022 06:49:20.093 GMT-0800,19.504,19.476,0.75,1
19.01.2022 06:49:20.194 GMT-0800,19.504,19.486,0.75,1
19.01.2022 06:49:24.629 GMT-0800,19.513,19.497,0.75,1
19.01.2022 06:49:25.832 GMT-0800,19.503,19.487000000000002,0.75,1
19.01.2022 06:49:26.859 GMT-0800,19.514000000000003,19.496,0.75,1
19.01.2022 06:49:28.843 GMT-0800,19.533,19.497,0.75,1
19.01.2022 06:49:28.994 GMT-0800,19.544,19.516,0.75,1
19.01.2022 06:49:29.317 GMT-0800,19.544,19.516,0.75,1
19.01.2022 06:49:29.421 GMT-0800,19.564,19.546,0.75,1
19.01.2022 06:49:29.525 GMT-0800,19.554000000000002,19.535999999999998,0.75,1
19.01.2022 06:49:31.329 GMT-0800,19.564,19.546,0.75,1
19.01.2022 06:49:31.430 GMT-0800,19.573,19.557000000000002,0.75,1
19.01.2022 06:49:32.343 GMT-0800,19.584,19.556,0.75,1
19.01.2022 06:49:32.393 GMT-0800,19.573,19.557000000000002,0.75,1
19.01.2022 06:49:33.228 GMT-0800,19.584,19.566,0.75,1
19.01.2022 06:49:34.283 GMT-0800,19.573,19.557000000000002,0.75,1
19.01.2022 06:49:34.468 GMT-0800,19.583,19.567,0.75,1
19.01.2022 06:49:36.217 GMT-0800,19.574,19.556,0.75,1
19.01.2022 06:49:37.439 GMT-0800,19.583,19.557000000000002,0.75,1
19.01.2022 06:49:37.490 GMT-0800,19.584,19.566,0.75,1
19.01.2022 06:49:37.999 GMT-0800,19.573,19.557000000000002,0.75,1
19.01.2022 06:49:38.437 GMT-0800,19.584,19.566,0.75,1
19.01.2022 06:49:40.182 GMT-0800,19.594,19.576,0.75,1
19.01.2022 06:49:40.589 GMT-0800,19.583,19.567,0.75,1
19.01.2022 06:49:41.564 GMT-0800,19.613,19.597,0.75,1
19.01.2022 06:49:42.865 GMT-0800,19.624000000000002,19.605999999999998,0.75,1
19.01.2022 06:49:43.354 GMT-0800,19.624000000000002,19.596,0.75,1
19.01.2022 06:49:43.405 GMT-0800,19.614,19.596,0.75,1
19.01.2022 06:49:44.329 GMT-0800,19.624000000000002,19.605999999999998,0.75,1
19.01.2022 06:49:46.705 GMT-0800,19.614,19.596,0.75,1
19.01.2022 06:49:47.817 GMT-0800,19.604000000000003,19.586,0.75,1
19.01.2022 06:49:48.248 GMT-0800,19.593,19.577,0.75,1
19.01.2022 06:49:48.886 GMT-0800,19.604000000000003,19.576,0.75,1
19.01.2022 06:49:48.936 GMT-0800,19.593,19.577,0.75,1
19.01.2022 06:49:54.037 GMT-0800,19.603,19.587,0.75,1
19.01.2022 06:49:55.177 GMT-0800,19.593,19.577,0.75,1
19.01.2022 06:49:57.396 GMT-0800,19.604000000000003,19.586,0.75,1
19.01.2022 06:49:57.950 GMT-0800,19.594,19.576,0.75,1
19.01.2022 06:49:59.043 GMT-0800,19.603,19.587,0.75,1
19.01.2022 06:49:59.408 GMT-0800,19.613,19.587,0.75,1
19.01.2022 06:49:59.468 GMT-0800,19.613,19.597,0.75,1
19.01.2022 06:50:00.274 GMT-0800,19.623,19.607,0.75,1
19.01.2022 06:50:00.375 GMT-0800,19.614,19.596,0.75,1
19.01.2022 06:50:01.691 GMT-0800,19.623,19.607,0.75,1
19.01.2022 06:50:02.283 GMT-0800,19.634,19.616,0.75,1
19.01.2022 06:50:02.434 GMT-0800,19.624000000000002,19.605999999999998,0.75,1
19.01.2022 06:50:04.859 GMT-0800,19.634,19.605999999999998,0.75,1
19.01.2022 06:50:04.909 GMT-0800,19.633,19.617,0.75,1
19.01.2022 06:50:06.319 GMT-0800,19.644000000000002,19.616,0.75,1
19.01.2022 06:50:06.369 GMT-0800,19.643,19.627000000000002,0.75,1
19.01.2022 06:50:06.470 GMT-0800,19.633,19.617,0.75,1
19.01.2022 06:50:08.353 GMT-0800,19.644000000000002,19.616,0.75,1
19.01.2022 06:50:08.403 GMT-0800,19.654,19.636,0.75,1
19.01.2022 06:50:08.713 GMT-0800,19.663,19.647000000000002,0.75,1
19.01.2022 06:50:10.321 GMT-0800,19.674000000000003,19.656,0.75,1
19.01.2022 06:50:11.154 GMT-0800,19.664,19.646,0.75,1
19.01.2022 06:50:16.695 GMT-0800,19.673,19.647000000000002,0.75,1
19.01.2022 06:50:16.745 GMT-0800,19.664,19.646,0.75,1
19.01.2022 06:50:18.724 GMT-0800,19.674000000000003,19.656,0.75,1
19.01.2022 06:50:19.428 GMT-0800,19.663,19.647000000000002,0.75,1
19.01.2022 06:50:20.749 GMT-0800,19.654,19.636,0.75,1
19.01.2022 06:50:21.083 GMT-0800,19.654,19.616,0.75,1
19.01.2022 06:50:21.133 GMT-0800,19.633,19.617,0.75,1
19.01.2022 06:50:22.960 GMT-0800,19.624000000000002,19.605999999999998,0.75,1
19.01.2022 06:50:24.134 GMT-0800,19.633,19.617,0.75,1
19.01.2022 06:50:30.124 GMT-0800,19.654,19.636,0.75,1
19.01.2022 06:50:30.350 GMT-0800,19.664,19.646,0.75,1
19.01.2022 06:50:32.196 GMT-0800,19.654,19.636,0.75,1
19.01.2022 06:50:32.668 GMT-0800,19.663,19.647000000000002,0.75,1
19.01.2022 06:50:33.446 GMT-0800,19.673,19.657,0.75,1
19.01.2022 06:50:34.651 GMT-0800,19.664,19.646,0.75,1
19.01.2022 06:50:34.853 GMT-0800,19.653,19.637,0.75,1
19.01.2022 06:50:35.007 GMT-0800,19.664,19.636,0.75,1
19.01.2022 06:50:35.058 GMT-0800,19.663,19.647000000000002,0.75,1
19.01.2022 06:50:35.807 GMT-0800,19.654,19.646,0.001,0.75
19.01.2022 06:50:35.857 GMT-0800,19.653,19.637,0.75,1
19.01.2022 06:50:36.600 GMT-0800,19.643,19.627000000000002,0.75,1
19.01.2022 06:50:37.116 GMT-0800,19.633,19.617,0.75,1
19.01.2022 06:50:39.268 GMT-0800,19.623,19.607,0.75,1
19.01.2022 06:50:40.504 GMT-0800,19.613,19.597,0.75,1
19.01.2022 06:50:40.605 GMT-0800,19.624000000000002,19.605999999999998,0.75,1
19.01.2022 06:50:40.756 GMT-0800,19.614,19.596,0.75,1
19.01.2022 06:50:41.079 GMT-0800,19.603,19.587,0.75,1
19.01.2022 06:50:42.194 GMT-0800,19.614,19.596,0.75,1
19.01.2022 06:50:43.575 GMT-0800,19.623,19.607,0.75,1
19.01.2022 06:50:46.885 GMT-0800,19.613,19.597,0.75,1
19.01.2022 06:50:49.833 GMT-0800,19.604000000000003,19.586,0.75,1
19.01.2022 06:50:51.816 GMT-0800,19.594,19.576,0.75,1
19.01.2022 06:50:51.989 GMT-0800,19.604000000000003,19.576,0.75,1
19.01.2022 06:50:52.039 GMT-0800,19.603,19.587,0.75,1
19.01.2022 06:50:54.478 GMT-0800,19.613,19.587,0.75,1
19.01.2022 06:50:54.529 GMT-0800,19.613,19.597,0.75,1
19.01.2022 06:50:54.714 GMT-0800,19.624000000000002,19.605999999999998,0.75,1
19.01.2022 06:50:56.362 GMT-0800,19.634,19.616,0.75,1
19.01.2022 06:50:57.228 GMT-0800,19.643,19.627000000000002,0.75,1
19.01.2022 06:50:58.049 GMT-0800,19.633,19.617,0.75,1
19.01.2022 06:50:58.605 GMT-0800,19.644000000000002,19.616,0.75,1
19.01.2022 06:50:58.756 GMT-0800,19.634,19.616,0.75,1
19.01.2022 06:50:58.857 GMT-0800,19.644000000000002,19.626,0.75,1
19.01.2022 06:50:59.506 GMT-0800,19.644000000000002,19.616,0.75,1
19.01.2022 06:50:59.556 GMT-0800,19.634,19.616,0.75,1
19.01.2022 06:51:00.477 GMT-0800,19.623,19.607,0.75,1
19.01.2022 06:51:00.751 GMT-0800,19.634,19.616,0.75,1
19.01.2022 06:51:01.381 GMT-0800,19.643,19.627000000000002,0.75,1
19.01.2022 06:51:01.750 GMT-0800,19.643,19.617,0.75,1
19.01.2022 06:51:01.800 GMT-0800,19.644000000000002,19.626,0.75,1
19.01.2022 06:51:02.452 GMT-0800,19.653,19.637,0.75,1
19.01.2022 06:51:03.591 GMT-0800,19.664,19.636,0.75,1
19.01.2022 06:51:03.642 GMT-0800,19.664,19.646,0.75,1
19.01.2022 06:51:03.773 GMT-0800,19.654,19.626,0.75,1
19.01.2022 06:51:03.823 GMT-0800,19.643,19.627000000000002,0.75,1
19.01.2022 06:51:04.533 GMT-0800,19.634,19.616,0.75,1
19.01.2022 06:51:05.327 GMT-0800,19.623,19.607,0.75,1
19.01.2022 06:51:05.478 GMT-0800,19.634,19.616,0.75,1
19.01.2022 06:51:08.052 GMT-0800,19.633,19.607,0.75,1
19.01.2022 06:51:08.102 GMT-0800,19.623,19.607,0.75,1
19.01.2022 06:51:09.553 GMT-0800,19.614,19.596,0.75,1
19.01.2022 06:51:10.716 GMT-0800,19.623,19.607,0.75,1
19.01.2022 06:51:11.477 GMT-0800,19.633,19.617,0.75,1
19.01.2022 06:51:12.460 GMT-0800,19.634,19.605999999999998,0.75,1
19.01.2022 06:51:12.511 GMT-0800,19.634,19.616,0.75,1
19.01.2022 06:51:12.975 GMT-0800,19.624000000000002,19.605999999999998,0.75,1
19.01.2022 06:51:13.257 GMT-0800,19.634,19.616,0.75,1
19.01.2022 06:51:13.358 GMT-0800,19.624000000000002,19.605999999999998,0.75,1
19.01.2022 06:51:14.384 GMT-0800,19.613,19.597,0.75,1
19.01.2022 06:51:21.722 GMT-0800,19.604000000000003,19.576,0.75,1
19.01.2022 06:51:21.773 GMT-0800,19.593,19.567,0.75,1
19.01.2022 06:51:21.874 GMT-0800,19.584,19.566,0.75,1
19.01.2022 06:51:21.975 GMT-0800,19.594,19.576,0.75,1
19.01.2022 06:51:22.327 GMT-0800,19.594,19.566,0.75,1
19.01.2022 06:51:22.378 GMT-0800,19.583,19.567,0.75,1
19.01.2022 06:51:22.887 GMT-0800,19.593,19.577,0.75,1
19.01.2022 06:51:23.816 GMT-0800,19.604000000000003,19.586,0.75,1
19.01.2022 06:51:28.551 GMT-0800,19.593,19.577,0.75,1
19.01.2022 06:51:31.868 GMT-0800,19.603,19.587,0.75,1
19.01.2022 06:51:32.381 GMT-0800,19.613,19.587,0.75,1
19.01.2022 06:51:32.431 GMT-0800,19.614,19.596,0.75,1
19.01.2022 06:51:33.065 GMT-0800,19.624000000000002,19.596,0.75,1
19.01.2022 06:51:33.116 GMT-0800,19.623,19.607,0.75,1
19.01.2022 06:51:33.415 GMT-0800,19.614,19.596,0.75,1
19.01.2022 06:51:38.938 GMT-0800,19.624000000000002,19.605999999999998,0.75,1
19.01.2022 06:51:40.416 GMT-0800,19.624000000000002,19.596,0.75,1
19.01.2022 06:51:40.466 GMT-0800,19.613,19.597,0.75,1
19.01.2022 06:51:41.076 GMT-0800,19.613,19.587,0.75,1
19.01.2022 06:51:41.127 GMT-0800,19.613,19.597,0.75,1
19.01.2022 06:51:42.437 GMT-0800,19.604000000000003,19.586,0.75,1
19.01.2022 06:51:43.290 GMT-0800,19.594,19.576,0.75,1
19.01.2022 06:51:44.708 GMT-0800,19.583,19.567,0.75,1
19.01.2022 06:51:47.485 GMT-0800,19.584,19.576,0.001,0.75
19.01.2022 06:51:47.536 GMT-0800,19.593,19.577,0.75,1
19.01.2022 06:51:47.586 GMT-0800,19.583,19.567,0.75,1
19.01.2022 06:51:48.143 GMT-0800,19.583,19.557000000000002,0.75,1
19.01.2022 06:51:48.193 GMT-0800,19.573,19.557000000000002,0.75,1
19.01.2022 06:51:51.402 GMT-0800,19.583,19.567,0.75,1
19.01.2022 06:51:52.836 GMT-0800,19.574,19.556,0.75,1
19.01.2022 06:51:54.100 GMT-0800,19.583,19.557000000000002,0.75,1
19.01.2022 06:51:54.150 GMT-0800,19.583,19.567,0.75,1
19.01.2022 06:51:54.464 GMT-0800,19.573,19.557000000000002,0.75,1
19.01.2022 06:51:55.219 GMT-0800,19.563,19.547,0.75,1
19.01.2022 06:51:55.824 GMT-0800,19.574,19.556,0.75,1
19.01.2022 06:52:00.173 GMT-0800,19.584,19.566,0.75,1
19.01.2022 06:52:00.475 GMT-0800,19.584,19.556,0.75,1
19.01.2022 06:52:00.526 GMT-0800,19.573,19.557000000000002,0.75,1
19.01.2022 06:52:00.637 GMT-0800,19.564,19.546,0.75,1
19.01.2022 06:52:00.738 GMT-0800,19.574,19.556,0.75,1
19.01.2022 06:52:03.096 GMT-0800,19.574,19.546,0.75,1
19.01.2022 06:52:03.147 GMT-0800,19.574,19.556,0.75,1
19.01.2022 06:52:03.367 GMT-0800,19.574,19.546,0.75,1
19.01.2022 06:52:03.428 GMT-0800,19.564,19.546,0.001,1
19.01.2022 06:52:03.748 GMT-0800,19.573,19.557000000000002,0.75,1
19.01.2022 06:52:05.346 GMT-0800,19.583,19.567,0.75,1
19.01.2022 06:52:05.630 GMT-0800,19.584,19.556,0.75,1
19.01.2022 06:52:05.680 GMT-0800,19.573,19.557000000000002,0.75,1
19.01.2022 06:52:06.758 GMT-0800,19.564,19.546,0.75,1
19.01.2022 06:52:08.591 GMT-0800,19.553,19.547,0.001,0.75
19.01.2022 06:52:08.642 GMT-0800,19.553,19.537000000000003,0.75,1
19.01.2022 06:52:08.994 GMT-0800,19.544,19.526,0.75,1
19.01.2022 06:52:09.245 GMT-0800,19.543,19.517,0.75,1
19.01.2022 06:52:09.296 GMT-0800,19.533,19.517,0.75,1
19.01.2022 06:52:09.934 GMT-0800,19.524,19.506,0.75,1
19.01.2022 06:52:10.339 GMT-0800,19.523,19.497,0.75,1
19.01.2022 06:52:10.390 GMT-0800,19.524,19.506,0.75,1
19.01.2022 06:52:10.591 GMT-0800,19.514000000000003,19.496,0.75,1
19.01.2022 06:52:11.144 GMT-0800,19.504,19.486,0.75,1
19.01.2022 06:52:12.146 GMT-0800,19.513,19.497,0.75,1
19.01.2022 06:52:13.403 GMT-0800,19.523,19.497,0.75,1
19.01.2022 06:52:13.454 GMT-0800,19.524,19.506,0.75,1
19.01.2022 06:52:14.392 GMT-0800,19.513,19.497,0.75,1
19.01.2022 06:52:18.426 GMT-0800,19.523,19.507,0.75,1
19.01.2022 06:52:18.901 GMT-0800,19.534000000000002,19.516,0.75,1
19.01.2022 06:52:20.113 GMT-0800,19.544,19.516,0.75,1
19.01.2022 06:52:20.164 GMT-0800,19.544,19.526,0.75,1
19.01.2022 06:52:21.148 GMT-0800,19.543,19.517,0.75,1
19.01.2022 06:52:21.198 GMT-0800,19.533,19.517,0.75,1
19.01.2022 06:52:21.839 GMT-0800,19.523,19.507,0.75,1
19.01.2022 06:52:22.207 GMT-0800,19.533,19.507,0.75,1
19.01.2022 06:52:22.257 GMT-0800,19.533,19.517,0.75,1
19.01.2022 06:52:23.063 GMT-0800,19.524,19.506,0.75,1
19.01.2022 06:52:23.165 GMT-0800,19.533,19.517,0.75,1
19.01.2022 06:52:24.022 GMT-0800,19.543,19.527,0.75,1
19.01.2022 06:52:24.475 GMT-0800,19.554000000000002,19.535999999999998,0.75,1
19.01.2022 06:52:24.727 GMT-0800,19.544,19.526,0.75,1
19.01.2022 06:52:25.272 GMT-0800,19.554000000000002,19.535999999999998,0.75,1
19.01.2022 06:52:25.675 GMT-0800,19.563,19.537000000000003,0.75,1
19.01.2022 06:52:25.775 GMT-0800,19.564,19.546,0.75,1
19.01.2022 06:52:26.498 GMT-0800,19.554000000000002,19.535999999999998,0.75,1
19.01.2022 06:52:30.084 GMT-0800,19.543,19.527,0.75,1
19.01.2022 06:52:30.185 GMT-0800,19.533,19.517,0.75,1
19.01.2022 06:52:30.286 GMT-0800,19.544,19.526,0.75,1
19.01.2022 06:52:32.614 GMT-0800,19.553,19.527,0.75,1
19.01.2022 06:52:32.664 GMT-0800,19.554000000000002,19.535999999999998,0.75,1
19.01.2022 06:52:33.195 GMT-0800,19.563,19.547,0.75,1
19.01.2022 06:52:34.008 GMT-0800,19.574,19.556,0.75,1
19.01.2022 06:52:35.126 GMT-0800,19.583,19.567,0.75,1
19.01.2022 06:52:35.982 GMT-0800,19.583,19.557000000000002,0.75,1
19.01.2022 06:52:36.033 GMT-0800,19.573,19.557000000000002,0.75,1
19.01.2022 06:52:38.455 GMT-0800,19.583,19.567,0.75,1
19.01.2022 06:52:38.865 GMT-0800,19.573,19.557000000000002,0.75,1
19.01.2022 06:52:41.156 GMT-0800,19.564,19.546,0.75,1
19.01.2022 06:52:41.619 GMT-0800,19.574,19.556,0.75,1
19.01.2022 06:52:43.488 GMT-0800,19.573,19.547,0.75,1
19.01.2022 06:52:43.619 GMT-0800,19.564,19.546,0.75,1
19.01.2022 06:52:44.269 GMT-0800,19.574,19.546,0.75,1
19.01.2022 06:52:44.319 GMT-0800,19.574,19.556,0.75,1
19.01.2022 06:52:44.521 GMT-0800,19.583,19.567,0.75,1
19.01.2022 06:52:46.830 GMT-0800,19.594,19.576,0.75,1
19.01.2022 06:52:46.918 GMT-0800,19.594,19.566,0.75,1
19.01.2022 06:52:46.968 GMT-0800,19.584,19.566,0.75,1
19.01.2022 06:52:47.423 GMT-0800,19.594,19.576,0.75,1
19.01.2022 06:52:47.574 GMT-0800,19.584,19.566,0.75,1
19.01.2022 06:52:47.725 GMT-0800,19.573,19.557000000000002,0.75,1
19.01.2022 06:52:47.826 GMT-0800,19.584,19.566,0.75,1
19.01.2022 06:52:48.113 GMT-0800,19.574,19.556,0.75,1
19.01.2022 06:52:49.358 GMT-0800,19.583,19.567,0.75,1
19.01.2022 06:52:52.506 GMT-0800,19.583,19.557000000000002,0.75,1
19.01.2022 06:52:52.556 GMT-0800,19.574,19.556,0.75,1
19.01.2022 06:52:53.715 GMT-0800,19.583,19.567,0.75,1
19.01.2022 06:52:54.401 GMT-0800,19.593,19.577,0.75,1
19.01.2022 06:52:54.451 GMT-0800,19.593,19.567,0.75,1
19.01.2022 06:52:54.502 GMT-0800,19.583,19.567,0.75,1
19.01.2022 06:52:56.170 GMT-0800,19.574,19.556,0.75,1
19.01.2022 06:52:56.637 GMT-0800,19.584,19.566,0.75,1
19.01.2022 06:52:57.494 GMT-0800,19.583,19.557000000000002,0.75,1
19.01.2022 06:52:57.696 GMT-0800,19.573,19.557000000000002,0.75,1
19.01.2022 06:52:59.707 GMT-0800,19.563,19.547,0.75,1
19.01.2022 06:52:59.833 GMT-0800,19.574,19.556,0.75,1
19.01.2022 06:53:00.382 GMT-0800,19.574,19.546,0.75,1
19.01.2022 06:53:00.433 GMT-0800,19.564,19.546,0.75,1
19.01.2022 06:53:01.056 GMT-0800,19.554000000000002,19.535999999999998,0.75,1
19.01.2022 06:53:01.157 GMT-0800,19.563,19.547,0.75,1
19.01.2022 06:53:01.710 GMT-0800,19.573,19.557000000000002,0.75,1
19.01.2022 06:53:03.302 GMT-0800,19.584,19.566,0.75,1
19.01.2022 06:53:04.772 GMT-0800,19.574,19.556,0.75,1
19.01.2022 06:53:05.217 GMT-0800,19.584,19.566,0.75,1
19.01.2022 06:53:05.784 GMT-0800,19.584,19.556,0.75,1
19.01.2022 06:53:06.014 GMT-0800,19.573,19.557000000000002,0.001,1
19.01.2022 06:53:07.048 GMT-0800,19.583,19.557000000000002,0.75,1
19.01.2022 06:53:07.099 GMT-0800,19.583,19.567,0.75,1
19.01.2022 06:53:07.463 GMT-0800,19.584,19.556,0.75,1
19.01.2022 06:53:07.514 GMT-0800,19.573,19.557000000000002,0.75,1
19.01.2022 06:53:09.445 GMT-0800,19.583,19.567,0.75,1
19.01.2022 06:53:09.922 GMT-0800,19.574,19.556,0.75,1
19.01.2022 06:53:11.159 GMT-0800,19.583,19.567,0.75,1
19.01.2022 06:53:12.270 GMT-0800,19.594,19.576,0.75,1
19.01.2022 06:53:12.575 GMT-0800,19.584,19.566,0.75,1
19.01.2022 06:53:13.426 GMT-0800,19.583,19.557000000000002,0.75,1
19.01.2022 06:53:13.476 GMT-0800,19.574,19.556,0.75,1
19.01.2022 06:53:13.759 GMT-0800,19.563,19.547,0.75,1
19.01.2022 06:53:14.601 GMT-0800,19.574,19.556,0.75,1
19.01.2022 06:53:15.062 GMT-0800,19.564,19.546,0.75,1
19.01.2022 06:53:16.751 GMT-0800,19.564,19.535999999999998,0.75,1
19.01.2022 06:53:16.802 GMT-0800,19.554000000000002,19.535999999999998,0.75,1
19.01.2022 06:53:18.189 GMT-0800,19.564,19.546,0.75,1
19.01.2022 06:53:19.091 GMT-0800,19.553,19.537000000000003,0.75,1
19.01.2022 06:53:19.862 GMT-0800,19.543,19.537000000000003,0.001,0.75
19.01.2022 06:53:19.913 GMT-0800,19.544,19.526,0.75,1
19.01.2022 06:53:22.232 GMT-0800,19.554000000000002,19.535999999999998,0.75,1
19.01.2022 06:53:22.782 GMT-0800,19.553,19.527,0.75,1
19.01.2022 06:53:22.901 GMT-0800,19.554000000000002,19.535999999999998,0.75,1
19.01.2022 06:53:23.054 GMT-0800,19.543,19.527,0.75,1
19.01.2022 06:53:24.193 GMT-0800,19.533,19.517,0.75,1
19.01.2022 06:53:24.533 GMT-0800,19.524,19.506,0.75,1
19.01.2022 06:53:24.764 GMT-0800,19.534000000000002,19.516,0.75,1
19.01.2022 06:53:26.217 GMT-0800,19.544,19.526,0.75,1
19.01.2022 06:53:28.839 GMT-0800,19.534000000000002,19.516,0.75,1
19.01.2022 06:53:30.636 GMT-0800,19.524,19.506,0.75,1
19.01.2022 06:53:30.737 GMT-0800,19.534000000000002,19.516,0.75,1
19.01.2022 06:53:31.552 GMT-0800,19.533,19.507,0.75,1
19.01.2022 06:53:31.676 GMT-0800,19.533,19.517,0.75,1
19.01.2022 06:53:32.117 GMT-0800,19.524,19.506,0.75,1
19.01.2022 06:53:32.655 GMT-0800,19.534000000000002,19.516,0.75,1
19.01.2022 06:53:40.878 GMT-0800,19.543,19.527,0.75,1
19.01.2022 06:53:43.563 GMT-0800,19.553,19.537000000000003,0.75,1
19.01.2022 06:53:44.127 GMT-0800,19.543,19.527,0.75,1
19.01.2022 06:53:46.328 GMT-0800,19.553,19.537000000000003,0.75,1
19.01.2022 06:53:49.219 GMT-0800,19.553,19.527,0.75,1
19.01.2022 06:53:49.270 GMT-0800,19.544,19.526,0.75,1
19.01.2022 06:53:49.735 GMT-0800,19.534000000000002,19.516,0.75,1
19.01.2022 06:53:50.468 GMT-0800,19.523,19.507,0.75,1
19.01.2022 06:53:50.944 GMT-0800,19.533,19.517,0.75,1
19.01.2022 06:53:55.609 GMT-0800,19.544,19.526,0.75,1
19.01.2022 06:53:56.075 GMT-0800,19.533,19.517,0.75,1
19.01.2022 06:53:56.236 GMT-0800,19.544,19.526,0.75,1
19.01.2022 06:53:58.280 GMT-0800,19.533,19.517,0.75,1
19.01.2022 06:53:59.454 GMT-0800,19.544,19.526,0.75,1
19.01.2022 06:54:01.128 GMT-0800,19.533,19.517,0.75,1
19.01.2022 06:54:01.956 GMT-0800,19.544,19.526,0.75,1
19.01.2022 06:54:03.292 GMT-0800,19.534000000000002,19.516,0.75,1
19.01.2022 06:54:07.146 GMT-0800,19.534000000000002,19.506,0.75,1
19.01.2022 06:54:07.197 GMT-0800,19.533,19.517,0.75,1
19.01.2022 06:54:07.832 GMT-0800,19.533,19.507,0.75,1
19.01.2022 06:54:07.882 GMT-0800,19.533,19.517,0.75,1
19.01.2022 06:54:08.864 GMT-0800,19.543,19.527,0.75,1
19.01.2022 06:54:10.033 GMT-0800,19.534000000000002,19.516,0.75,1
19.01.2022 06:54:10.521 GMT-0800,19.544,19.526,0.75,1
19.01.2022 06:54:11.124 GMT-0800,19.543,19.517,0.75,1
19.01.2022 06:54:11.244 GMT-0800,19.544,19.516,0.75,1
19.01.2022 06:54:11.397 GMT-0800,19.533,19.517,0.75,1
19.01.2022 06:54:16.374 GMT-0800,19.543,19.527,0.75,1
19.01.2022 06:54:16.874 GMT-0800,19.533,19.517,0.75,1
19.01.2022 06:54:18.615 GMT-0800,19.543,19.527,0.75,1
19.01.2022 06:54:19.105 GMT-0800,19.534000000000002,19.516,0.75,1
19.01.2022 06:54:22.255 GMT-0800,19.543,19.527,0.75,1
19.01.2022 06:54:22.406 GMT-0800,19.533,19.517,0.75,1
19.01.2022 06:54:24.072 GMT-0800,19.543,19.527,0.75,1
19.01.2022 06:54:24.224 GMT-0800,19.533,19.517,0.75,1
19.01.2022 06:54:29.796 GMT-0800,19.523,19.517,0.001,0.75
19.01.2022 06:54:29.847 GMT-0800,19.524,19.506,0.75,1
19.01.2022 06:54:30.809 GMT-0800,19.533,19.517,0.75,1
19.01.2022 06:54:31.011 GMT-0800,19.533,19.497,0.75,1
19.01.2022 06:54:31.061 GMT-0800,19.503,19.487000000000002,0.75,1
19.01.2022 06:54:37.240 GMT-0800,19.513,19.497,0.75,1
19.01.2022 06:54:41.230 GMT-0800,19.503,19.487000000000002,0.75,1
19.01.2022 06:54:41.482 GMT-0800,19.494,19.476,0.75,1
19.01.2022 06:54:43.257 GMT-0800,19.503,19.477,0.75,1
19.01.2022 06:54:43.307 GMT-0800,19.503,19.487000000000002,0.75,1
19.01.2022 06:54:43.724 GMT-0800,19.503,19.477,0.75,1
19.01.2022 06:54:43.825 GMT-0800,19.503,19.487000000000002,0.75,1
19.01.2022 06:54:49.677 GMT-0800,19.513,19.497,0.75,1
19.01.2022 06:54:51.646 GMT-0800,19.514000000000003,19.486,0.75,1
19.01.2022 06:54:51.740 GMT-0800,19.513,19.487000000000002,0.75,1
19.01.2022 06:54:52.108 GMT-0800,19.503,19.487000000000002,0.75,1
19.01.2022 06:54:52.410 GMT-0800,19.513,19.487000000000002,0.75,1
19.01.2022 06:54:52.461 GMT-0800,19.513,19.497,0.75,1
19.01.2022 06:54:56.101 GMT-0800,19.524,19.506,0.75,1
19.01.2022 06:54:56.257 GMT-0800,19.514000000000003,19.496,0.75,1
19.01.2022 06:54:59.762 GMT-0800,19.503,19.487000000000002,0.75,1
19.01.2022 06:55:02.778 GMT-0800,19.513,19.497,0.75,1
19.01.2022 06:55:04.888 GMT-0800,19.503,19.487000000000002,0.75,1
19.01.2022 06:55:10.558 GMT-0800,19.494,19.476,0.75,1
19.01.2022 06:55:13.366 GMT-0800,19.484,19.466,0.75,1
19.01.2022 06:55:17.137 GMT-0800,19.484,19.456,0.75,1
19.01.2022 06:55:17.188 GMT-0800,19.474,19.456,0.75,1
19.01.2022 06:55:17.238 GMT-0800,19.473,19.447,0.75,1
19.01.2022 06:55:17.289 GMT-0800,19.463,19.447,0.75,1
19.01.2022 06:55:18.398 GMT-0800,19.463,19.437,0.75,1
19.01.2022 06:55:18.499 GMT-0800,19.464000000000002,19.445999999999998,0.75,1
19.01.2022 06:55:19.212 GMT-0800,19.454,19.436,0.75,1
19.01.2022 06:55:21.217 GMT-0800,19.463,19.447,0.75,1
19.01.2022 06:55:21.713 GMT-0800,19.463,19.437,0.75,1
19.01.2022 06:55:21.764 GMT-0800,19.453,19.437,0.75,1
19.01.2022 06:55:23.166 GMT-0800,19.463,19.447,0.75,1
19.01.2022 06:55:24.503 GMT-0800,19.473,19.447,0.75,1
19.01.2022 06:55:24.664 GMT-0800,19.473,19.447,0.75,1
19.01.2022 06:55:25.649 GMT-0800,19.464000000000002,19.445999999999998,0.75,1
19.01.2022 06:55:27.650 GMT-0800,19.474,19.456,0.75,1
19.01.2022 06:55:28.710 GMT-0800,19.464000000000002,19.445999999999998,0.75,1
19.01.2022 06:55:35.292 GMT-0800,19.473,19.457,0.75,1
19.01.2022 06:55:39.393 GMT-0800,19.464000000000002,19.445999999999998,0.75,1
19.01.2022 06:55:42.304 GMT-0800,19.474,19.456,0.75,1
19.01.2022 06:55:42.560 GMT-0800,19.463,19.447,0.75,1
19.01.2022 06:55:46.808 GMT-0800,19.453,19.437,0.75,1
19.01.2022 06:55:47.462 GMT-0800,19.443,19.427,0.75,1
19.01.2022 06:55:49.370 GMT-0800,19.433,19.417,0.75,1
19.01.2022 06:55:49.471 GMT-0800,19.424000000000003,19.406,0.75,1
19.01.2022 06:55:49.572 GMT-0800,19.434,19.416,0.75,1
19.01.2022 06:55:51.469 GMT-0800,19.424000000000003,19.406,0.75,1
19.01.2022 06:55:51.620 GMT-0800,19.433,19.417,0.75,1
19.01.2022 06:55:52.134 GMT-0800,19.443,19.427,0.75,1
19.01.2022 06:55:52.705 GMT-0800,19.454,19.436,0.75,1
19.01.2022 06:55:56.141 GMT-0800,19.443,19.427,0.75,1
19.01.2022 06:55:56.795 GMT-0800,19.453,19.437,0.75,1
19.01.2022 06:55:59.028 GMT-0800,19.463,19.447,0.75,1
19.01.2022 06:55:59.974 GMT-0800,19.474,19.456,0.75,1
19.01.2022 06:56:00.577 GMT-0800,19.484,19.466,0.75,1
19.01.2022 06:56:00.829 GMT-0800,19.494,19.476,0.75,1
19.01.2022 06:56:01.365 GMT-0800,19.503,19.487000000000002,0.75,1
19.01.2022 06:56:01.466 GMT-0800,19.494,19.476,0.75,1
19.01.2022 06:56:02.460 GMT-0800,19.484,19.466,0.75,1
19.01.2022 06:56:02.661 GMT-0800,19.493,19.477,0.75,1
19.01.2022 06:56:03.907 GMT-0800,19.483,19.477,0.001,0.75
19.01.2022 06:56:03.957 GMT-0800,19.483,19.467000000000002,0.75,1
19.01.2022 06:56:04.159 GMT-0800,19.484,19.456,0.75,1
19.01.2022 06:56:04.210 GMT-0800,19.484,19.466,0.75,1
19.01.2022 06:56:04.646 GMT-0800,19.484,19.456,0.75,1
19.01.2022 06:56:04.696 GMT-0800,19.483,19.467000000000002,0.75,1
19.01.2022 06:56:05.838 GMT-0800,19.494,19.476,0.75,1
19.01.2022 06:56:06.775 GMT-0800,19.493,19.467000000000002,0.75,1
19.01.2022 06:56:06.826 GMT-0800,19.494,19.476,0.75,1
19.01.2022 06:56:07.052 GMT-0800,19.483,19.467000000000002,0.75,1
19.01.2022 06:56:09.246 GMT-0800,19.494,19.476,0.75,1
19.01.2022 06:56:11.217 GMT-0800,19.494,19.466,0.75,1
19.01.2022 06:56:11.324 GMT-0800,19.494,19.476,0.75,0.75
19.01.2022 06:56:12.062 GMT-0800,19.494,19.466,0.75,1
19.01.2022 06:56:12.213 GMT-0800,19.494,19.476,0.75,1
19.01.2022 06:56:14.161 GMT-0800,19.494,19.466,0.75,1
19.01.2022 06:56:14.312 GMT-0800,19.494,19.476,0.75,1
19.01.2022 06:56:15.805 GMT-0800,19.494,19.466,0.75,1
19.01.2022 06:56:15.855 GMT-0800,19.483,19.467000000000002,0.75,1
19.01.2022 06:56:18.789 GMT-0800,19.493,19.477,0.75,1
19.01.2022 06:56:20.365 GMT-0800,19.503,19.487000000000002,0.75,1
19.01.2022 06:56:20.567 GMT-0800,19.494,19.476,0.75,1
19.01.2022 06:56:25.229 GMT-0800,19.484,19.466,0.75,1
19.01.2022 06:56:29.462 GMT-0800,19.494,19.466,0.75,1
19.01.2022 06:56:29.513 GMT-0800,19.494,19.466,0.75,1
19.01.2022 06:56:30.070 GMT-0800,19.493,19.467000000000002,0.75,1
19.01.2022 06:56:30.121 GMT-0800,19.493,19.477,0.75,1
19.01.2022 06:56:30.275 GMT-0800,19.493,19.467000000000002,0.75,1
19.01.2022 06:56:30.325 GMT-0800,19.493,19.477,0.75,1
19.01.2022 06:56:30.376 GMT-0800,19.494,19.466,0.75,1
19.01.2022 06:56:30.477 GMT-0800,19.484,19.466,0.75,1
19.01.2022 06:56:34.591 GMT-0800,19.473,19.447,0.75,1
19.01.2022 06:56:34.642 GMT-0800,19.484,19.466,0.75,1
19.01.2022 06:56:44.269 GMT-0800,19.483,19.457,0.75,1
19.01.2022 06:56:44.371 GMT-0800,19.473,19.457,0.75,1
19.01.2022 06:56:46.129 GMT-0800,19.464000000000002,19.445999999999998,0.75,1
19.01.2022 06:56:48.517 GMT-0800,19.473,19.457,0.75,1
19.01.2022 06:56:53.538 GMT-0800,19.463,19.447,0.75,1
19.01.2022 06:56:54.161 GMT-0800,19.473,19.447,0.75,1
19.01.2022 06:56:54.212 GMT-0800,19.474,19.456,0.75,1
19.01.2022 06:57:00.437 GMT-0800,19.473,19.447,0.75,1
19.01.2022 06:57:00.488 GMT-0800,19.474,19.456,0.75,1
19.01.2022 06:57:01.161 GMT-0800,19.463,19.447,0.75,1
19.01.2022 06:57:02.759 GMT-0800,19.473,19.457,0.75,1
19.01.2022 06:57:06.016 GMT-0800,19.464000000000002,19.445999999999998,0.75,1
19.01.2022 06:57:09.276 GMT-0800,19.473,19.457,0.75,1
19.01.2022 06:57:10.571 GMT-0800,19.484,19.456,0.75,1
19.01.2022 06:57:10.622 GMT-0800,19.483,19.467000000000002,0.75,1
19.01.2022 06:57:11.756 GMT-0800,19.494,19.466,0.75,1
19.01.2022 06:57:11.806 GMT-0800,19.494,19.476,0.75,1
19.01.2022 06:57:12.989 GMT-0800,19.483,19.467000000000002,0.75,1
19.01.2022 06:57:14.542 GMT-0800,19.494,19.476,0.75,1
19.01.2022 06:57:15.575 GMT-0800,19.484,19.466,0.75,1
19.01.2022 06:57:18.212 GMT-0800,19.494,19.476,0.75,1
19.01.2022 06:57:24.763 GMT-0800,19.504,19.486,0.75,1
19.01.2022 06:57:25.265 GMT-0800,19.513,19.497,0.75,1
19.01.2022 06:57:26.216 GMT-0800,19.513,19.487000000000002,0.75,1
19.01.2022 06:57:26.266 GMT-0800,19.513,19.497,0.75,1
19.01.2022 06:57:26.317 GMT-0800,19.514000000000003,19.486,0.75,1
19.01.2022 06:57:26.367 GMT-0800,19.503,19.487000000000002,0.75,1
19.01.2022 06:57:31.763 GMT-0800,19.503,19.477,0.75,1
19.01.2022 06:57:31.813 GMT-0800,19.504,19.486,0.75,1
19.01.2022 06:57:32.580 GMT-0800,19.493,19.477,0.75,1
19.01.2022 06:57:35.577 GMT-0800,19.484,19.466,0.75,1
19.01.2022 06:57:40.416 GMT-0800,19.474,19.456,0.75,1
19.01.2022 06:57:45.980 GMT-0800,19.463,19.457,0.001,0.75
19.01.2022 06:57:46.030 GMT-0800,19.464000000000002,19.445999999999998,0.75,1
19.01.2022 06:57:48.394 GMT-0800,19.473,19.457,0.75,1
19.01.2022 06:57:50.976 GMT-0800,19.463,19.447,0.75,1
19.01.2022 06:57:56.921 GMT-0800,19.474,19.456,0.75,1
19.01.2022 06:57:59.336 GMT-0800,19.484,19.466,0.75,1
19.01.2022 06:58:01.805 GMT-0800,19.493,19.477,0.75,1
19.01.2022 06:58:01.956 GMT-0800,19.464000000000002,19.445999999999998,0.75,1
19.01.2022 06:58:03.047 GMT-0800,19.453,19.437,0.75,1
19.01.2022 06:58:06.269 GMT-0800,19.443,19.427,0.75,1
19.01.2022 06:58:07.140 GMT-0800,19.434,19.416,0.75,1
19.01.2022 06:58:07.241 GMT-0800,19.444000000000003,19.426,0.75,1
19.01.2022 06:58:11.239 GMT-0800,19.434,19.416,0.75,1
19.01.2022 06:58:15.007 GMT-0800,19.423,19.407,0.75,1
19.01.2022 06:58:15.319 GMT-0800,19.413,19.397000000000002,0.75,1
19.01.2022 06:58:18.098 GMT-0800,19.423,19.407,0.75,1
19.01.2022 06:58:19.433 GMT-0800,19.424000000000003,19.396,0.75,1
19.01.2022 06:58:19.483 GMT-0800,19.424000000000003,19.406,0.75,1
19.01.2022 06:58:20.078 GMT-0800,19.414,19.396,0.75,1
19.01.2022 06:58:22.044 GMT-0800,19.423,19.407,0.75,1
19.01.2022 06:58:23.792 GMT-0800,19.444000000000003,19.416,0.75,1
19.01.2022 06:58:23.842 GMT-0800,19.444000000000003,19.426,0.75,1
19.01.2022 06:58:24.245 GMT-0800,19.433,19.417,0.75,1
19.01.2022 06:58:24.648 GMT-0800,19.443,19.427,0.75,1
19.01.2022 06:58:25.277 GMT-0800,19.454,19.426,0.75,1
19.01.2022 06:58:25.329 GMT-0800,19.454,19.436,0.75,1
19.01.2022 06:58:25.431 GMT-0800,19.444000000000003,19.426,0.75,1
19.01.2022 06:58:29.463 GMT-0800,19.433,19.417,0.75,1
19.01.2022 06:58:30.131 GMT-0800,19.443,19.427,0.75,1
19.01.2022 06:58:31.594 GMT-0800,19.453,19.437,0.75,1
19.01.2022 06:58:32.640 GMT-0800,19.464000000000002,19.445999999999998,0.75,1
19.01.2022 06:58:34.104 GMT-0800,19.463,19.437,0.75,1
19.01.2022 06:58:34.155 GMT-0800,19.453,19.437,0.75,1
19.01.2022 06:58:35.085 GMT-0800,19.463,19.447,0.75,1
19.01.2022 06:58:36.880 GMT-0800,19.453,19.437,0.75,1
19.01.2022 06:58:38.185 GMT-0800,19.463,19.437,0.75,1
19.01.2022 06:58:38.336 GMT-0800,19.453,19.437,0.75,1
19.01.2022 06:58:38.387 GMT-0800,19.464000000000002,19.436,0.75,1
19.01.2022 06:58:38.437 GMT-0800,19.464000000000002,19.445999999999998,0.75,1
19.01.2022 06:58:40.215 GMT-0800,19.454,19.436,0.75,1
19.01.2022 06:58:43.577 GMT-0800,19.463,19.447,0.75,1
19.01.2022 06:58:44.791 GMT-0800,19.463,19.437,0.75,1
19.01.2022 06:58:44.842 GMT-0800,19.454,19.436,0.75,1
19.01.2022 06:58:48.198 GMT-0800,19.463,19.447,0.75,1
19.01.2022 06:58:48.532 GMT-0800,19.464000000000002,19.436,0.75,1
19.01.2022 06:58:48.582 GMT-0800,19.464000000000002,19.445999999999998,0.75,1
19.01.2022 06:58:48.683 GMT-0800,19.463,19.437,0.75,1
19.01.2022 06:58:48.834 GMT-0800,19.453,19.437,0.75,1
19.01.2022 06:58:50.257 GMT-0800,19.454,19.426,0.75,1
19.01.2022 06:58:50.308 GMT-0800,19.454,19.436,0.75,1
19.01.2022 06:58:55.221 GMT-0800,19.463,19.447,0.75,1
19.01.2022 06:58:56.553 GMT-0800,19.454,19.436,0.75,1
19.01.2022 06:58:59.046 GMT-0800,19.464000000000002,19.445999999999998,0.75,1
19.01.2022 06:59:00.487 GMT-0800,19.454,19.436,0.75,1
19.01.2022 06:59:00.739 GMT-0800,19.463,19.447,0.75,1
19.01.2022 06:59:02.488 GMT-0800,19.454,19.436,0.75,1
19.01.2022 06:59:06.306 GMT-0800,19.444000000000003,19.426,0.75,1
19.01.2022 06:59:09.176 GMT-0800,19.453,19.427,0.75,1
19.01.2022 06:59:09.226 GMT-0800,19.453,19.437,0.75,1
19.01.2022 06:59:09.478 GMT-0800,19.453,19.427,0.75,1
19.01.2022 06:59:09.529 GMT-0800,19.444000000000003,19.426,0.75,1
19.01.2022 06:59:10.208 GMT-0800,19.454,19.436,0.75,1
19.01.2022 06:59:10.825 GMT-0800,19.453,19.427,0.75,1
19.01.2022 06:59:10.876 GMT-0800,19.444000000000003,19.426,0.75,1
19.01.2022 06:59:11.329 GMT-0800,19.434,19.416,0.75,1
19.01.2022 06:59:12.584 GMT-0800,19.424000000000003,19.406,0.75,1
19.01.2022 06:59:12.890 GMT-0800,19.433,19.417,0.75,1
19.01.2022 06:59:14.567 GMT-0800,19.444000000000003,19.426,0.75,1
19.01.2022 06:59:15.440 GMT-0800,19.433,19.417,0.75,1
19.01.2022 06:59:17.586 GMT-0800,19.424000000000003,19.406,0.75,1
19.01.2022 06:59:22.651 GMT-0800,19.434,19.416,0.75,1
19.01.2022 06:59:22.953 GMT-0800,19.424000000000003,19.406,0.75,1
19.01.2022 06:59:23.508 GMT-0800,19.434,19.416,0.75,1
19.01.2022 06:59:25.062 GMT-0800,19.424000000000003,19.406,0.75,1
19.01.2022 06:59:30.416 GMT-0800,19.414,19.396,0.75,1
19.01.2022 06:59:41.534 GMT-0800,19.403,19.387,0.75,1
19.01.2022 06:59:45.936 GMT-0800,19.414,19.396,0.75,1
19.01.2022 06:59:51.990 GMT-0800,19.424000000000003,19.406,0.75,1
19.01.2022 06:59:53.350 GMT-0800,19.413,19.397000000000002,0.75,1
19.01.2022 06:59:58.815 GMT-0800,19.404,19.386,0.75,1
19.01.2022 07:00:00.631 GMT-0800,19.393,19.377000000000002,0.75,1
19.01.2022 07:00:00.732 GMT-0800,19.403,19.387,0.75,1
19.01.2022 07:00:02.388 GMT-0800,19.393,19.377000000000002,0.75,1
19.01.2022 07:00:03.310 GMT-0800,19.404,19.376,0.75,1
19.01.2022 07:00:03.361 GMT-0800,19.403,19.387,0.75,1
19.01.2022 07:00:05.251 GMT-0800,19.413,19.397000000000002,0.75,1
19.01.2022 07:00:05.935 GMT-0800,19.424000000000003,19.406,0.75,1
19.01.2022 07:00:07.565 GMT-0800,19.433,19.417,0.75,1
19.01.2022 07:00:09.167 GMT-0800,19.423,19.407,0.75,1
19.01.2022 07:00:10.101 GMT-0800,19.433,19.417,0.75,1
19.01.2022 07:00:10.152 GMT-0800,19.464000000000002,19.445999999999998,0.75,1
19.01.2022 07:00:11.627 GMT-0800,19.473,19.457,0.75,1
19.01.2022 07:00:11.728 GMT-0800,19.464000000000002,19.445999999999998,0.75,1
19.01.2022 07:00:12.231 GMT-0800,19.474,19.456,0.75,1
19.01.2022 07:00:12.752 GMT-0800,19.464000000000002,19.445999999999998,0.75,1
19.01.2022 07:00:13.629 GMT-0800,19.473,19.457,0.75,1
19.01.2022 07:00:13.730 GMT-0800,19.484,19.466,0.75,1
19.01.2022 07:00:15.198 GMT-0800,19.493,19.477,0.75,1
19.01.2022 07:00:16.428 GMT-0800,19.504,19.486,0.75,1
19.01.2022 07:00:18.129 GMT-0800,19.514000000000003,19.496,0.75,1
19.01.2022 07:00:19.135 GMT-0800,19.524,19.506,0.75,1
19.01.2022 07:00:19.407 GMT-0800,19.523,19.497,0.75,1
19.01.2022 07:00:19.458 GMT-0800,19.514000000000003,19.496,0.75,1
19.01.2022 07:00:19.713 GMT-0800,19.504,19.486,0.75,1
19.01.2022 07:00:20.901 GMT-0800,19.494,19.476,0.75,1
19.01.2022 07:00:21.167 GMT-0800,19.503,19.487000000000002,0.75,1
19.01.2022 07:00:22.116 GMT-0800,19.493,19.487000000000002,0.001,0.75
19.01.2022 07:00:22.167 GMT-0800,19.494,19.476,0.75,1
19.01.2022 07:00:22.217 GMT-0800,19.503,19.487000000000002,0.75,1
19.01.2022 07:00:22.723 GMT-0800,19.513,19.487000000000002,0.75,1
19.01.2022 07:00:22.924 GMT-0800,19.514000000000003,19.496,0.75,1
19.01.2022 07:00:23.075 GMT-0800,19.503,19.487000000000002,0.75,1
19.01.2022 07:00:26.470 GMT-0800,19.493,19.477,0.75,1
19.01.2022 07:00:28.629 GMT-0800,19.503,19.477,0.75,1
19.01.2022 07:00:28.730 GMT-0800,19.504,19.486,0.75,1
19.01.2022 07:00:30.015 GMT-0800,19.514000000000003,19.486,0.75,1
19.01.2022 07:00:30.066 GMT-0800,19.504,19.486,0.75,1
19.01.2022 07:00:34.103 GMT-0800,19.493,19.477,0.75,1
19.01.2022 07:00:34.505 GMT-0800,19.484,19.466,0.75,1
19.01.2022 07:00:36.108 GMT-0800,19.484,19.456,0.75,1
19.01.2022 07:00:36.158 GMT-0800,19.484,19.466,0.75,1
19.01.2022 07:00:37.112 GMT-0800,19.494,19.476,0.75,1
19.01.2022 07:00:37.513 GMT-0800,19.483,19.477,0.001,0.75
19.01.2022 07:00:37.564 GMT-0800,19.484,19.466,0.75,1
19.01.2022 07:00:38.837 GMT-0800,19.493,19.477,0.75,1
19.01.2022 07:00:39.095 GMT-0800,19.484,19.466,0.75,1
19.01.2022 07:00:41.076 GMT-0800,19.493,19.477,0.75,1
19.01.2022 07:00:41.662 GMT-0800,19.503,19.477,0.75,1
19.01.2022 07:00:41.713 GMT-0800,19.503,19.487000000000002,0.75,1
