Local time,Ask,Bid,AskVolume,BidVolume
18.01.2022 06:30:00.017 GMT-0800,19.273,19.237000000000002,0.75,0.75
18.01.2022 06:30:00.068 GMT-0800,19.273,19.227,0.75,1
18.01.2022 06:30:00.735 GMT-0800,19.253,19.217000000000002,0.75,1
18.01.2022 06:30:00.929 GMT-0800,19.253,19.237000000000002,0.75,1
18.01.2022 06:30:00.981 GMT-0800,19.273,19.247,0.75,1
18.01.2022 06:30:01.082 GMT-0800,19.263,19.247,0.75,1
18.01.2022 06:30:01.132 GMT-0800,19.273,19.237000000000002,0.75,1
18.01.2022 06:30:01.277 GMT-0800,19.264000000000003,19.236,0,1
18.01.2022 06:30:01.378 GMT-0800,19.253,19.237000000000002,0.75,1
18.01.2022 06:30:01.483 GMT-0800,19.253,19.247,0.0008,0.75
18.01.2022 06:30:01.533 GMT-0800,19.254,19.236,0.75,1
18.01.2022 06:30:01.814 GMT-0800,19.254,19.246,0.0008,0.75
18.01.2022 06:30:01.865 GMT-0800,19.263,19.247,0.75,1
18.01.2022 06:30:01.966 GMT-0800,19.264000000000003,19.236,0.75,1
18.01.2022 06:30:02.117 GMT-0800,19.254,19.236,0.75,1
18.01.2022 06:30:02.258 GMT-0800,19.263,19.237000000000002,0.75,1
18.01.2022 06:30:02.460 GMT-0800,19.264000000000003,19.246,0.75,1
18.01.2022 06:30:04.514 GMT-0800,19.274,19.246,0.75,1
18.01.2022 06:30:04.615 GMT-0800,19.264000000000003,19.246,0.75,1
18.01.2022 06:30:07.171 GMT-0800,19.254,19.236,0.75,1
18.01.2022 06:30:08.236 GMT-0800,19.253,19.247,0,0.0008
18.01.2022 06:30:08.287 GMT-0800,19.263,19.247,0.75,1
18.01.2022 06:30:08.761 GMT-0800,19.253,19.237000000000002,0.75,1
18.01.2022 06:30:09.016 GMT-0800,19.243,19.237000000000002,0.0008,0.75
18.01.2022 06:30:09.070 GMT-0800,19.243,19.227,0.75,1
18.01.2022 06:30:09.527 GMT-0800,19.254,19.236,0.75,1
18.01.2022 06:30:10.344 GMT-0800,19.243,19.227,0.75,1
18.01.2022 06:30:11.152 GMT-0800,19.234,19.216,0.75,1
18.01.2022 06:30:11.874 GMT-0800,19.243,19.217000000000002,0.75,1
18.01.2022 06:30:11.924 GMT-0800,19.233,19.217000000000002,0.75,1
18.01.2022 06:30:16.250 GMT-0800,19.224,19.206,0.75,1
18.01.2022 06:30:18.177 GMT-0800,19.233,19.217000000000002,0.75,1
18.01.2022 06:30:18.681 GMT-0800,19.244,19.216,0.75,1
18.01.2022 06:30:18.731 GMT-0800,19.244,19.226,0.75,1
18.01.2022 06:30:19.420 GMT-0800,19.253,19.237000000000002,0.75,1
18.01.2022 06:30:20.366 GMT-0800,19.264000000000003,19.246,0.75,1
18.01.2022 06:30:20.617 GMT-0800,19.274,19.256,0.75,1
18.01.2022 06:30:22.345 GMT-0800,19.263,19.247,0.75,1
18.01.2022 06:30:22.798 GMT-0800,19.273,19.257,0.75,1
18.01.2022 06:30:23.875 GMT-0800,19.263,19.247,0.75,1
18.01.2022 06:30:24.211 GMT-0800,19.274,19.256,0.75,1
18.01.2022 06:30:25.750 GMT-0800,19.263,19.247,0.75,1
18.01.2022 06:30:25.952 GMT-0800,19.264000000000003,19.236,0.75,1
18.01.2022 06:30:26.003 GMT-0800,19.254,19.236,0.75,1
18.01.2022 06:30:26.104 GMT-0800,19.264000000000003,19.246,0.75,1
18.01.2022 06:30:28.023 GMT-0800,19.254,19.236,0.75,1
18.01.2022 06:30:28.730 GMT-0800,19.243,19.227,0.75,1
18.01.2022 06:30:28.967 GMT-0800,19.253,19.237000000000002,0.75,1
18.01.2022 06:30:30.555 GMT-0800,19.263,19.247,0.75,1
18.01.2022 06:30:32.743 GMT-0800,19.274,19.256,0.75,1
18.01.2022 06:30:33.025 GMT-0800,19.263,19.247,0.75,1
18.01.2022 06:30:34.465 GMT-0800,19.273,19.257,0.75,1
18.01.2022 06:30:35.782 GMT-0800,19.264000000000003,19.246,0.75,1
18.01.2022 06:30:39.876 GMT-0800,19.264000000000003,19.236,0.75,1
18.01.2022 06:30:39.977 GMT-0800,19.254,19.236,0.75,1
18.01.2022 06:30:40.078 GMT-0800,19.243,19.227,0.75,1
18.01.2022 06:30:40.407 GMT-0800,19.254,19.236,0.75,1
18.01.2022 06:30:41.893 GMT-0800,19.264000000000003,19.246,0.75,1
18.01.2022 06:30:41.994 GMT-0800,19.253,19.237000000000002,0.75,1
18.01.2022 06:30:42.906 GMT-0800,19.264000000000003,19.236,0.75,1
18.01.2022 06:30:42.958 GMT-0800,19.263,19.247,0.75,1
18.01.2022 06:30:43.059 GMT-0800,19.264000000000003,19.256,0,0.0008
18.01.2022 06:30:43.109 GMT-0800,19.274,19.256,0.75,1
18.01.2022 06:30:43.518 GMT-0800,19.274,19.246,0.75,1
18.01.2022 06:30:43.619 GMT-0800,19.263,19.247,0.75,1
18.01.2022 06:30:44.667 GMT-0800,19.253,19.237000000000002,0.75,1
18.01.2022 06:30:45.490 GMT-0800,19.243,19.227,0.75,1
18.01.2022 06:30:45.656 GMT-0800,19.253,19.237000000000002,0.75,1
18.01.2022 06:30:46.984 GMT-0800,19.263,19.247,0.75,1
18.01.2022 06:30:48.604 GMT-0800,19.253,19.237000000000002,0.75,1
18.01.2022 06:30:49.056 GMT-0800,19.264000000000003,19.246,0.75,1
18.01.2022 06:30:51.639 GMT-0800,19.273,19.257,0.75,1
18.01.2022 06:30:53.093 GMT-0800,19.283,19.267,0.75,1
18.01.2022 06:30:53.804 GMT-0800,19.274,19.266,0.0008,0.75
18.01.2022 06:30:53.855 GMT-0800,19.274,19.256,0.75,1
18.01.2022 06:30:54.791 GMT-0800,19.263,19.247,0.75,1
18.01.2022 06:30:55.501 GMT-0800,19.254,19.236,0.75,1
18.01.2022 06:30:56.066 GMT-0800,19.284000000000002,19.236,0.75,1
18.01.2022 06:30:56.167 GMT-0800,19.294,19.256,0.75,1
18.01.2022 06:30:56.268 GMT-0800,19.303,19.287000000000003,0.75,1
18.01.2022 06:30:56.483 GMT-0800,19.294,19.276,0.75,1
18.01.2022 06:30:56.584 GMT-0800,19.284000000000002,19.266,0.75,1
18.01.2022 06:30:57.074 GMT-0800,19.294,19.276,0.75,1
18.01.2022 06:30:58.342 GMT-0800,19.303,19.277,0.75,1
18.01.2022 06:30:58.392 GMT-0800,19.303,19.287000000000003,0.75,1
18.01.2022 06:30:59.672 GMT-0800,19.294,19.276,0.75,1
18.01.2022 06:31:00.368 GMT-0800,19.304000000000002,19.285999999999998,0.75,1
18.01.2022 06:31:01.235 GMT-0800,19.294,19.276,0.75,1
18.01.2022 06:31:02.269 GMT-0800,19.283,19.267,0.75,1
18.01.2022 06:31:04.721 GMT-0800,19.283,19.257,0.75,1
18.01.2022 06:31:04.771 GMT-0800,19.274,19.256,0.75,1
18.01.2022 06:31:04.872 GMT-0800,19.283,19.267,0.75,1
18.01.2022 06:31:05.081 GMT-0800,19.274,19.256,0.75,1
18.01.2022 06:31:06.098 GMT-0800,19.283,19.267,0.75,1
18.01.2022 06:31:07.111 GMT-0800,19.293,19.277,0.75,1
18.01.2022 06:31:07.211 GMT-0800,19.283,19.267,0.75,1
18.01.2022 06:31:08.112 GMT-0800,19.293,19.277,0.75,1
18.01.2022 06:31:09.644 GMT-0800,19.283,19.267,0.75,1
18.01.2022 06:31:10.420 GMT-0800,19.293,19.277,0.75,1
18.01.2022 06:31:11.613 GMT-0800,19.304000000000002,19.285999999999998,0.75,1
18.01.2022 06:31:15.721 GMT-0800,19.294,19.276,0.75,1
18.01.2022 06:31:15.822 GMT-0800,19.283,19.267,0.75,1
18.01.2022 06:31:17.141 GMT-0800,19.294,19.266,0.75,1
18.01.2022 06:31:17.191 GMT-0800,19.293,19.277,0.75,1
18.01.2022 06:31:20.076 GMT-0800,19.303,19.287000000000003,0.75,1
18.01.2022 06:31:22.264 GMT-0800,19.313,19.297,0.75,1
18.01.2022 06:31:22.566 GMT-0800,19.324,19.306,0.75,1
18.01.2022 06:31:25.606 GMT-0800,19.313,19.297,0.75,1
18.01.2022 06:31:30.748 GMT-0800,19.304000000000002,19.285999999999998,0.75,1
18.01.2022 06:31:31.152 GMT-0800,19.303,19.297,0.0008,0.75
18.01.2022 06:31:31.202 GMT-0800,19.314,19.296,0.75,1
18.01.2022 06:31:32.018 GMT-0800,19.323,19.307000000000002,0.75,1
18.01.2022 06:31:33.222 GMT-0800,19.314,19.296,0.75,1
18.01.2022 06:31:33.425 GMT-0800,19.324,19.296,0.75,1
18.01.2022 06:31:33.476 GMT-0800,19.324,19.306,0.75,1
18.01.2022 06:31:33.677 GMT-0800,19.314,19.296,0.75,1
18.01.2022 06:31:33.778 GMT-0800,19.323,19.307000000000002,0.0008,1
18.01.2022 06:31:33.879 GMT-0800,19.333,19.317,0.75,1
18.01.2022 06:31:33.980 GMT-0800,19.323,19.307000000000002,0.75,1
18.01.2022 06:31:34.081 GMT-0800,19.333,19.317,0.75,1
18.01.2022 06:31:35.864 GMT-0800,19.343,19.327,0.75,1
18.01.2022 06:31:38.274 GMT-0800,19.353,19.337,0.75,1
18.01.2022 06:31:44.383 GMT-0800,19.343,19.327,0.75,1
18.01.2022 06:31:44.555 GMT-0800,19.353,19.337,0.75,1
18.01.2022 06:31:44.932 GMT-0800,19.343,19.337,0.0008,0.75
18.01.2022 06:31:44.983 GMT-0800,19.344,19.326,0.75,1
18.01.2022 06:31:46.854 GMT-0800,19.353,19.337,0.75,1
18.01.2022 06:31:48.001 GMT-0800,19.363,19.347,0.75,1
18.01.2022 06:31:49.094 GMT-0800,19.383,19.347,0.75,1
18.01.2022 06:31:49.195 GMT-0800,19.393,19.367,0.75,1
18.01.2022 06:31:49.296 GMT-0800,19.394000000000002,19.376,0.75,1
18.01.2022 06:31:50.161 GMT-0800,19.403,19.387,0.75,1
18.01.2022 06:31:50.262 GMT-0800,19.394000000000002,19.376,0.75,1
18.01.2022 06:31:50.630 GMT-0800,19.384,19.366,0.75,1
18.01.2022 06:31:51.046 GMT-0800,19.383,19.357,0.75,1
18.01.2022 06:31:51.097 GMT-0800,19.374000000000002,19.355999999999998,0.75,1
18.01.2022 06:31:51.288 GMT-0800,19.374000000000002,19.346,0.75,1
18.01.2022 06:31:51.339 GMT-0800,19.364,19.346,0.75,1
18.01.2022 06:31:55.404 GMT-0800,19.354000000000003,19.346,0,0.0008
18.01.2022 06:31:55.455 GMT-0800,19.354000000000003,19.336,0.75,1
18.01.2022 06:31:55.556 GMT-0800,19.364,19.346,0.75,1
18.01.2022 06:31:57.668 GMT-0800,19.354000000000003,19.336,0.75,1
18.01.2022 06:31:57.774 GMT-0800,19.364,19.336,0.75,1
18.01.2022 06:31:57.824 GMT-0800,19.364,19.346,0.75,1
18.01.2022 06:31:58.110 GMT-0800,19.374000000000002,19.355999999999998,0.75,1
18.01.2022 06:32:00.320 GMT-0800,19.374000000000002,19.366,0,0.0008
18.01.2022 06:32:00.377 GMT-0800,19.374000000000002,19.355999999999998,0.75,1
18.01.2022 06:32:01.139 GMT-0800,19.384,19.366,0.75,1
18.01.2022 06:32:01.340 GMT-0800,19.373,19.357,0.75,1
18.01.2022 06:32:01.849 GMT-0800,19.383,19.367,0.75,1
18.01.2022 06:32:02.502 GMT-0800,19.374000000000002,19.355999999999998,0.75,1
18.01.2022 06:32:05.567 GMT-0800,19.384,19.366,0.75,1
18.01.2022 06:32:06.318 GMT-0800,19.394000000000002,19.366,0.75,1
18.01.2022 06:32:06.369 GMT-0800,19.393,19.377000000000002,0.75,1
18.01.2022 06:32:08.119 GMT-0800,19.404,19.376,0.75,1
18.01.2022 06:32:08.169 GMT-0800,19.404,19.386,0.75,1
18.01.2022 06:32:08.491 GMT-0800,19.393,19.387,0,0.0008
18.01.2022 06:32:08.541 GMT-0800,19.393,19.377000000000002,0.75,1
18.01.2022 06:32:12.164 GMT-0800,19.383,19.367,0.75,1
18.01.2022 06:32:13.579 GMT-0800,19.394000000000002,19.366,0.75,1
18.01.2022 06:32:13.920 GMT-0800,19.394000000000002,19.376,0.75,0.0008
18.01.2022 06:32:14.172 GMT-0800,19.393,19.367,0.75,1
18.01.2022 06:32:14.273 GMT-0800,19.384,19.366,0.75,1
18.01.2022 06:32:15.335 GMT-0800,19.374000000000002,19.355999999999998,0.75,1
18.01.2022 06:32:15.436 GMT-0800,19.363,19.347,0.75,1
18.01.2022 06:32:15.605 GMT-0800,19.374000000000002,19.346,0.75,1
18.01.2022 06:32:15.838 GMT-0800,19.363,19.347,0.75,1
18.01.2022 06:32:17.546 GMT-0800,19.353,19.347,0.0008,0.75
18.01.2022 06:32:17.596 GMT-0800,19.353,19.337,0.75,1
18.01.2022 06:32:17.697 GMT-0800,19.363,19.337,0.75,1
18.01.2022 06:32:17.748 GMT-0800,19.354000000000003,19.336,0.75,1
18.01.2022 06:32:18.295 GMT-0800,19.364,19.336,0.75,1
18.01.2022 06:32:18.839 GMT-0800,19.364,19.346,0.75,1
18.01.2022 06:32:20.460 GMT-0800,19.373,19.357,0.75,1
18.01.2022 06:32:20.712 GMT-0800,19.364,19.346,0.75,1
18.01.2022 06:32:21.044 GMT-0800,19.373,19.347,0.75,1
18.01.2022 06:32:21.095 GMT-0800,19.374000000000002,19.355999999999998,0.75,1
18.01.2022 06:32:21.397 GMT-0800,19.383,19.367,0.75,1
18.01.2022 06:32:21.600 GMT-0800,19.384,19.355999999999998,0.75,1
18.01.2022 06:32:21.650 GMT-0800,19.374000000000002,19.355999999999998,0.75,1
18.01.2022 06:32:21.701 GMT-0800,19.374000000000002,19.346,0.75,1
18.01.2022 06:32:21.881 GMT-0800,19.364,19.346,0.75,1
18.01.2022 06:32:22.938 GMT-0800,19.374000000000002,19.355999999999998,0.75,1
18.01.2022 06:32:23.425 GMT-0800,19.363,19.347,0.75,1
18.01.2022 06:32:23.683 GMT-0800,19.353,19.337,0.75,1
18.01.2022 06:32:24.166 GMT-0800,19.363,19.347,0.75,1
18.01.2022 06:32:24.919 GMT-0800,19.364,19.336,0.75,1
18.01.2022 06:32:25.328 GMT-0800,19.364,19.346,0.75,0.75
18.01.2022 06:32:25.378 GMT-0800,19.364,19.336,0.75,1
18.01.2022 06:32:25.563 GMT-0800,19.353,19.337,0.75,1
18.01.2022 06:32:25.831 GMT-0800,19.344,19.326,0.75,1
18.01.2022 06:32:26.138 GMT-0800,19.353,19.327,0.75,1
18.01.2022 06:32:27.161 GMT-0800,19.344,19.326,0.75,1
18.01.2022 06:32:27.320 GMT-0800,19.354000000000003,19.326,0.75,1
18.01.2022 06:32:27.645 GMT-0800,19.343,19.327,0.75,1
18.01.2022 06:32:28.259 GMT-0800,19.353,19.327,0.75,1
18.01.2022 06:32:28.412 GMT-0800,19.354000000000003,19.336,0.75,1
18.01.2022 06:32:31.149 GMT-0800,19.344,19.326,0.75,1
18.01.2022 06:32:31.347 GMT-0800,19.353,19.337,0.75,1
18.01.2022 06:32:32.175 GMT-0800,19.364,19.346,0.75,1
18.01.2022 06:32:33.004 GMT-0800,19.364,19.336,0.75,1
18.01.2022 06:32:33.054 GMT-0800,19.363,19.347,0.75,1
18.01.2022 06:32:33.805 GMT-0800,19.354000000000003,19.336,0.75,1
18.01.2022 06:32:34.484 GMT-0800,19.363,19.347,0.75,1
18.01.2022 06:32:35.526 GMT-0800,19.363,19.337,0.75,1
18.01.2022 06:32:35.577 GMT-0800,19.364,19.346,0.75,1
18.01.2022 06:32:35.728 GMT-0800,19.353,19.337,0.75,1
18.01.2022 06:32:38.399 GMT-0800,19.364,19.336,0.75,1
18.01.2022 06:32:38.522 GMT-0800,19.363,19.347,0.75,1
18.01.2022 06:32:39.280 GMT-0800,19.373,19.357,0.75,1
18.01.2022 06:32:41.096 GMT-0800,19.383,19.367,0.75,1
18.01.2022 06:32:41.777 GMT-0800,19.393,19.377000000000002,0.75,1
18.01.2022 06:32:41.878 GMT-0800,19.384,19.366,0.75,1
18.01.2022 06:32:44.946 GMT-0800,19.394000000000002,19.376,0.75,1
18.01.2022 06:32:48.167 GMT-0800,19.383,19.367,0.75,1
18.01.2022 06:32:50.638 GMT-0800,19.393,19.367,0.75,1
18.01.2022 06:32:50.688 GMT-0800,19.384,19.366,0.75,1
18.01.2022 06:32:50.800 GMT-0800,19.394000000000002,19.366,0.75,1
18.01.2022 06:32:51.171 GMT-0800,19.383,19.367,0.75,1
18.01.2022 06:32:51.372 GMT-0800,19.374000000000002,19.355999999999998,0.75,1
18.01.2022 06:32:52.347 GMT-0800,19.384,19.366,0.75,1
18.01.2022 06:32:54.902 GMT-0800,19.394000000000002,19.376,0.75,1
18.01.2022 06:32:57.081 GMT-0800,19.383,19.367,0.75,1
18.01.2022 06:32:57.433 GMT-0800,19.374000000000002,19.355999999999998,0.75,1
18.01.2022 06:32:58.604 GMT-0800,19.383,19.367,0.75,1
18.01.2022 06:33:00.082 GMT-0800,19.374000000000002,19.355999999999998,0.75,1
18.01.2022 06:33:01.908 GMT-0800,19.363,19.347,0.75,1
18.01.2022 06:33:02.009 GMT-0800,19.353,19.337,0.75,1
18.01.2022 06:33:06.359 GMT-0800,19.363,19.337,0.75,1
18.01.2022 06:33:06.409 GMT-0800,19.353,19.337,0.75,1
18.01.2022 06:33:08.058 GMT-0800,19.364,19.346,0.75,1
18.01.2022 06:33:08.886 GMT-0800,19.373,19.357,0.75,1
18.01.2022 06:33:08.987 GMT-0800,19.383,19.367,0.75,1
18.01.2022 06:33:10.701 GMT-0800,19.374000000000002,19.355999999999998,0.75,1
18.01.2022 06:33:11.002 GMT-0800,19.373,19.367,0.0008,0.75
18.01.2022 06:33:11.053 GMT-0800,19.383,19.367,0.75,1
18.01.2022 06:33:11.315 GMT-0800,19.374000000000002,19.355999999999998,0.75,1
18.01.2022 06:33:12.686 GMT-0800,19.383,19.367,0.75,1
18.01.2022 06:33:12.787 GMT-0800,19.374000000000002,19.355999999999998,0.75,1
18.01.2022 06:33:15.076 GMT-0800,19.374000000000002,19.366,0.0008,0.75
18.01.2022 06:33:15.127 GMT-0800,19.383,19.367,0.75,1
18.01.2022 06:33:16.696 GMT-0800,19.394000000000002,19.376,0.75,1
18.01.2022 06:33:17.513 GMT-0800,19.384,19.366,0.75,1
18.01.2022 06:33:19.592 GMT-0800,19.373,19.357,0.75,1
18.01.2022 06:33:20.070 GMT-0800,19.364,19.346,0.75,1
18.01.2022 06:33:20.837 GMT-0800,19.354000000000003,19.336,0.75,1
18.01.2022 06:33:24.053 GMT-0800,19.363,19.337,0.75,1
18.01.2022 06:33:24.104 GMT-0800,19.353,19.337,0.75,1
18.01.2022 06:33:26.499 GMT-0800,19.364,19.336,0.75,1
18.01.2022 06:33:26.610 GMT-0800,19.364,19.346,0.75,1
18.01.2022 06:33:27.031 GMT-0800,19.374000000000002,19.355999999999998,0.75,1
18.01.2022 06:33:29.232 GMT-0800,19.383,19.367,0.75,1
18.01.2022 06:33:31.057 GMT-0800,19.374000000000002,19.355999999999998,0.75,1
18.01.2022 06:33:33.417 GMT-0800,19.374000000000002,19.346,0.75,1
18.01.2022 06:33:33.468 GMT-0800,19.364,19.346,0.75,1
18.01.2022 06:33:34.273 GMT-0800,19.353,19.337,0.75,1
18.01.2022 06:33:35.306 GMT-0800,19.344,19.326,0.75,1
18.01.2022 06:33:36.071 GMT-0800,19.354000000000003,19.326,0.75,1
18.01.2022 06:33:36.175 GMT-0800,19.353,19.337,0.75,0.0008
18.01.2022 06:33:37.620 GMT-0800,19.364,19.346,0.75,1
18.01.2022 06:33:38.412 GMT-0800,19.374000000000002,19.346,0.75,1
18.01.2022 06:33:38.513 GMT-0800,19.373,19.357,0.75,1
18.01.2022 06:33:38.614 GMT-0800,19.363,19.347,0.75,1
18.01.2022 06:33:38.894 GMT-0800,19.374000000000002,19.346,0.75,1
18.01.2022 06:33:38.945 GMT-0800,19.373,19.357,0.75,1
18.01.2022 06:33:38.995 GMT-0800,19.373,19.347,0.75,1
18.01.2022 06:33:39.358 GMT-0800,19.373,19.357,0.75,1
18.01.2022 06:33:40.799 GMT-0800,19.363,19.347,0.75,1
18.01.2022 06:33:41.732 GMT-0800,19.353,19.337,0.75,1
18.01.2022 06:33:44.304 GMT-0800,19.344,19.326,0.75,1
18.01.2022 06:33:46.519 GMT-0800,19.353,19.327,0.75,1
18.01.2022 06:33:46.569 GMT-0800,19.354000000000003,19.336,0.75,1
18.01.2022 06:33:46.869 GMT-0800,19.363,19.347,0.75,1
18.01.2022 06:33:47.934 GMT-0800,19.373,19.357,0.75,1
18.01.2022 06:33:48.930 GMT-0800,19.364,19.346,0.75,1
18.01.2022 06:33:56.300 GMT-0800,19.354000000000003,19.336,0.75,1
18.01.2022 06:33:58.116 GMT-0800,19.344,19.326,0.75,1
18.01.2022 06:33:59.035 GMT-0800,19.353,19.327,0.75,1
18.01.2022 06:33:59.088 GMT-0800,19.344,19.326,0.75,1
18.01.2022 06:34:00.044 GMT-0800,19.353,19.337,0.75,1
18.01.2022 06:34:01.440 GMT-0800,19.363,19.347,0.75,1
18.01.2022 06:34:02.095 GMT-0800,19.354000000000003,19.336,0.75,1
18.01.2022 06:34:04.593 GMT-0800,19.344,19.326,0.75,1
18.01.2022 06:34:05.150 GMT-0800,19.333,19.317,0.75,1
18.01.2022 06:34:06.600 GMT-0800,19.344,19.326,0.75,1
18.01.2022 06:34:08.316 GMT-0800,19.354000000000003,19.336,0.75,1
18.01.2022 06:34:09.083 GMT-0800,19.364,19.336,0.75,1
18.01.2022 06:34:09.134 GMT-0800,19.363,19.347,0.75,1
18.01.2022 06:34:10.301 GMT-0800,19.373,19.357,0.75,1
18.01.2022 06:34:10.560 GMT-0800,19.363,19.347,0.75,1
18.01.2022 06:34:12.339 GMT-0800,19.364,19.336,0.75,1
18.01.2022 06:34:12.506 GMT-0800,19.363,19.347,0.75,1
18.01.2022 06:34:14.224 GMT-0800,19.374000000000002,19.355999999999998,0.75,1
18.01.2022 06:34:14.592 GMT-0800,19.383,19.367,0.75,1
18.01.2022 06:34:15.090 GMT-0800,19.384,19.355999999999998,0.75,1
18.01.2022 06:34:15.191 GMT-0800,19.383,19.367,0.75,1
18.01.2022 06:34:15.409 GMT-0800,19.384,19.355999999999998,0.75,1
18.01.2022 06:34:15.460 GMT-0800,19.374000000000002,19.355999999999998,0.75,1
18.01.2022 06:34:17.977 GMT-0800,19.364,19.346,0.75,1
18.01.2022 06:34:18.595 GMT-0800,19.353,19.337,0.75,1
18.01.2022 06:34:19.710 GMT-0800,19.363,19.337,0.75,1
18.01.2022 06:34:19.841 GMT-0800,19.364,19.346,0.75,1
18.01.2022 06:34:20.268 GMT-0800,19.374000000000002,19.355999999999998,0.75,1
18.01.2022 06:34:21.093 GMT-0800,19.373,19.347,0.75,1
18.01.2022 06:34:21.275 GMT-0800,19.373,19.357,0.75,1
18.01.2022 06:34:21.376 GMT-0800,19.374000000000002,19.346,0.75,1
18.01.2022 06:34:21.426 GMT-0800,19.363,19.347,0.75,1
18.01.2022 06:34:22.821 GMT-0800,19.354000000000003,19.336,0.75,1
18.01.2022 06:34:23.216 GMT-0800,19.363,19.347,0.75,1
18.01.2022 06:34:23.956 GMT-0800,19.354000000000003,19.336,0.75,1
18.01.2022 06:34:24.210 GMT-0800,19.363,19.347,0.75,1
18.01.2022 06:34:24.440 GMT-0800,19.363,19.337,0.75,1
18.01.2022 06:34:24.560 GMT-0800,19.353,19.337,0.0008,1
18.01.2022 06:34:25.133 GMT-0800,19.364,19.336,0.75,1
18.01.2022 06:34:25.523 GMT-0800,19.364,19.346,0.75,1
18.01.2022 06:34:25.955 GMT-0800,19.364,19.336,0.75,1
18.01.2022 06:34:26.063 GMT-0800,19.353,19.337,0.75,1
18.01.2022 06:34:26.114 GMT-0800,19.363,19.337,0.75,1
18.01.2022 06:34:26.165 GMT-0800,19.354000000000003,19.336,0.75,1
18.01.2022 06:34:26.534 GMT-0800,19.364,19.336,0.75,1
18.01.2022 06:34:26.584 GMT-0800,19.353,19.337,0.75,1
18.01.2022 06:34:30.153 GMT-0800,19.344,19.326,0.75,1
18.01.2022 06:34:30.354 GMT-0800,19.353,19.337,0.75,1
18.01.2022 06:34:31.173 GMT-0800,19.363,19.347,0.75,1
18.01.2022 06:34:33.514 GMT-0800,19.364,19.336,0.75,1
18.01.2022 06:34:33.565 GMT-0800,19.364,19.346,0.75,1
18.01.2022 06:34:34.098 GMT-0800,19.363,19.337,0.75,1
18.01.2022 06:34:34.149 GMT-0800,19.354000000000003,19.336,0.75,1
18.01.2022 06:34:36.018 GMT-0800,19.364,19.346,0.75,1
18.01.2022 06:34:37.671 GMT-0800,19.353,19.337,0.75,1
18.01.2022 06:34:37.772 GMT-0800,19.363,19.337,0.75,1
18.01.2022 06:34:37.873 GMT-0800,19.363,19.347,0.75,1
18.01.2022 06:34:38.763 GMT-0800,19.354000000000003,19.346,0.0008,0.75
18.01.2022 06:34:38.813 GMT-0800,19.353,19.337,0.75,1
18.01.2022 06:34:40.701 GMT-0800,19.343,19.337,0,0.0008
18.01.2022 06:34:40.751 GMT-0800,19.344,19.326,0.75,1
18.01.2022 06:34:47.057 GMT-0800,19.353,19.337,0.75,1
18.01.2022 06:34:48.019 GMT-0800,19.364,19.336,0.75,1
18.01.2022 06:34:48.170 GMT-0800,19.353,19.337,0.75,1
18.01.2022 06:34:51.393 GMT-0800,19.343,19.327,0.75,1
18.01.2022 06:34:51.899 GMT-0800,19.354000000000003,19.336,0.75,1
18.01.2022 06:34:55.464 GMT-0800,19.363,19.357,0.0008,0.75
18.01.2022 06:34:55.567 GMT-0800,19.374000000000002,19.355999999999998,0.75,1
18.01.2022 06:34:56.070 GMT-0800,19.383,19.367,0.75,1
18.01.2022 06:34:57.467 GMT-0800,19.373,19.357,0.75,1
18.01.2022 06:34:59.192 GMT-0800,19.384,19.366,0.75,1
18.01.2022 06:35:00.274 GMT-0800,19.393,19.377000000000002,0.75,1
18.01.2022 06:35:00.529 GMT-0800,19.403,19.387,0.75,1
18.01.2022 06:35:03.072 GMT-0800,19.414,19.396,0.75,1
18.01.2022 06:35:03.509 GMT-0800,19.424000000000003,19.406,0.75,1
18.01.2022 06:35:04.120 GMT-0800,19.414,19.396,0.75,1
18.01.2022 06:35:05.084 GMT-0800,19.413,19.407,0.0008,0.75
18.01.2022 06:35:05.135 GMT-0800,19.424000000000003,19.406,0.75,1
18.01.2022 06:35:06.455 GMT-0800,19.414,19.396,0.75,1
18.01.2022 06:35:07.058 GMT-0800,19.403,19.387,0.75,1
18.01.2022 06:35:07.159 GMT-0800,19.414,19.386,0.75,1
18.01.2022 06:35:07.210 GMT-0800,19.404,19.386,0.75,1
18.01.2022 06:35:07.413 GMT-0800,19.394000000000002,19.376,0.75,1
18.01.2022 06:35:07.665 GMT-0800,19.383,19.367,0.75,1
18.01.2022 06:35:08.223 GMT-0800,19.394000000000002,19.376,0.75,1
18.01.2022 06:35:08.541 GMT-0800,19.403,19.387,0.75,1
18.01.2022 06:35:09.052 GMT-0800,19.414,19.396,0.75,1
18.01.2022 06:35:10.034 GMT-0800,19.423,19.407,0.75,1
18.01.2022 06:35:10.286 GMT-0800,19.414,19.396,0.75,1
18.01.2022 06:35:10.712 GMT-0800,19.404,19.396,0.0008,0.75
18.01.2022 06:35:10.762 GMT-0800,19.414,19.396,0.75,1
18.01.2022 06:35:11.780 GMT-0800,19.424000000000003,19.406,0.75,1
18.01.2022 06:35:13.090 GMT-0800,19.434,19.416,0.75,1
18.01.2022 06:35:13.348 GMT-0800,19.424000000000003,19.406,0.75,1
18.01.2022 06:35:13.880 GMT-0800,19.434,19.416,0.75,1
18.01.2022 06:35:14.131 GMT-0800,19.443,19.427,0.75,1
18.01.2022 06:35:14.338 GMT-0800,19.433,19.417,0.75,1
18.01.2022 06:35:15.018 GMT-0800,19.443,19.427,0.75,1
18.01.2022 06:35:15.169 GMT-0800,19.433,19.417,0.75,1
18.01.2022 06:35:15.788 GMT-0800,19.443,19.417,0.75,1
18.01.2022 06:35:15.838 GMT-0800,19.444000000000003,19.426,0.75,1
18.01.2022 06:35:17.050 GMT-0800,19.454,19.426,0.75,1
18.01.2022 06:35:17.100 GMT-0800,19.453,19.437,0.75,1
18.01.2022 06:35:17.386 GMT-0800,19.444000000000003,19.426,0.75,1
18.01.2022 06:35:18.274 GMT-0800,19.453,19.437,0.75,1
18.01.2022 06:35:19.319 GMT-0800,19.443,19.427,0.75,1
18.01.2022 06:35:19.597 GMT-0800,19.454,19.426,0.75,1
18.01.2022 06:35:19.648 GMT-0800,19.454,19.436,0.75,1
18.01.2022 06:35:19.799 GMT-0800,19.464000000000002,19.445999999999998,0.75,1
18.01.2022 06:35:19.904 GMT-0800,19.454,19.436,0.75,1
18.01.2022 06:35:21.339 GMT-0800,19.444000000000003,19.426,0.75,1
18.01.2022 06:35:22.391 GMT-0800,19.434,19.416,0.75,1
18.01.2022 06:35:22.646 GMT-0800,19.424000000000003,19.406,0.75,1
18.01.2022 06:35:24.035 GMT-0800,19.434,19.416,0.75,1
18.01.2022 06:35:28.034 GMT-0800,19.443,19.427,0.75,1
18.01.2022 06:35:28.279 GMT-0800,19.443,19.417,0.75,1
18.01.2022 06:35:28.329 GMT-0800,19.433,19.417,0.75,1
18.01.2022 06:35:28.801 GMT-0800,19.424000000000003,19.406,0.75,1
18.01.2022 06:35:29.779 GMT-0800,19.413,19.397000000000002,0.75,1
18.01.2022 06:35:30.209 GMT-0800,19.414,19.386,0.75,1
18.01.2022 06:35:30.259 GMT-0800,19.403,19.387,0.75,1
18.01.2022 06:35:31.175 GMT-0800,19.414,19.396,0.75,1
18.01.2022 06:35:31.642 GMT-0800,19.404,19.386,0.75,1
18.01.2022 06:35:32.187 GMT-0800,19.414,19.386,0.75,1
18.01.2022 06:35:32.237 GMT-0800,19.413,19.397000000000002,0.75,1
18.01.2022 06:35:32.894 GMT-0800,19.424000000000003,19.406,0.75,1
18.01.2022 06:35:34.196 GMT-0800,19.434,19.416,0.75,1
18.01.2022 06:35:34.297 GMT-0800,19.443,19.427,0.75,1
18.01.2022 06:35:36.682 GMT-0800,19.433,19.417,0.75,1
18.01.2022 06:35:37.439 GMT-0800,19.444000000000003,19.426,0.75,1
18.01.2022 06:35:42.477 GMT-0800,19.433,19.417,0.75,1
18.01.2022 06:35:43.427 GMT-0800,19.423,19.407,0.75,1
18.01.2022 06:35:43.717 GMT-0800,19.434,19.416,0.75,1
18.01.2022 06:35:44.947 GMT-0800,19.424000000000003,19.406,0.75,1
18.01.2022 06:35:45.098 GMT-0800,19.433,19.417,0.75,1
18.01.2022 06:35:45.818 GMT-0800,19.433,19.407,0.75,1
18.01.2022 06:35:46.020 GMT-0800,19.424000000000003,19.406,0.75,1
18.01.2022 06:35:46.463 GMT-0800,19.434,19.416,0.75,1
18.01.2022 06:35:47.564 GMT-0800,19.433,19.407,0.75,1
18.01.2022 06:35:47.683 GMT-0800,19.434,19.416,0.75,1
18.01.2022 06:35:49.998 GMT-0800,19.444000000000003,19.426,0.75,1
18.01.2022 06:35:51.913 GMT-0800,19.453,19.437,0.75,1
18.01.2022 06:35:54.024 GMT-0800,19.444000000000003,19.426,0.75,1
18.01.2022 06:35:56.202 GMT-0800,19.453,19.437,0.75,1
18.01.2022 06:35:57.034 GMT-0800,19.463,19.447,0.75,1
18.01.2022 06:35:57.526 GMT-0800,19.453,19.437,0.75,1
18.01.2022 06:35:57.997 GMT-0800,19.464000000000002,19.436,0.75,1
18.01.2022 06:35:58.098 GMT-0800,19.463,19.447,0.75,1
18.01.2022 06:35:58.299 GMT-0800,19.473,19.447,0.75,1
18.01.2022 06:35:58.350 GMT-0800,19.463,19.447,0.75,1
18.01.2022 06:35:58.568 GMT-0800,19.474,19.456,0.75,1
18.01.2022 06:36:00.116 GMT-0800,19.463,19.447,0.75,1
18.01.2022 06:36:00.217 GMT-0800,19.473,19.457,0.75,1
18.01.2022 06:36:03.365 GMT-0800,19.473,19.467000000000002,0.0008,0.75
18.01.2022 06:36:03.416 GMT-0800,19.483,19.467000000000002,0.75,1
18.01.2022 06:36:03.973 GMT-0800,19.473,19.457,0.75,1
18.01.2022 06:36:05.003 GMT-0800,19.464000000000002,19.445999999999998,0.75,1
18.01.2022 06:36:05.154 GMT-0800,19.453,19.437,0.75,1
18.01.2022 06:36:05.305 GMT-0800,19.464000000000002,19.445999999999998,0.75,1
18.01.2022 06:36:05.658 GMT-0800,19.473,19.457,0.75,1
18.01.2022 06:36:09.402 GMT-0800,19.484,19.466,0.75,1
18.01.2022 06:36:09.766 GMT-0800,19.494,19.476,0.75,1
18.01.2022 06:36:09.867 GMT-0800,19.483,19.467000000000002,0.75,1
18.01.2022 06:36:09.968 GMT-0800,19.493,19.477,0.75,1
18.01.2022 06:36:10.119 GMT-0800,19.483,19.467000000000002,0.75,1
18.01.2022 06:36:10.725 GMT-0800,19.473,19.457,0.75,1
18.01.2022 06:36:11.612 GMT-0800,19.483,19.467000000000002,0.75,1
18.01.2022 06:36:12.798 GMT-0800,19.494,19.476,0.75,1
18.01.2022 06:36:15.754 GMT-0800,19.483,19.467000000000002,0.75,1
18.01.2022 06:36:16.293 GMT-0800,19.493,19.467000000000002,0.75,1
18.01.2022 06:36:16.683 GMT-0800,19.483,19.467000000000002,0,1
18.01.2022 06:36:17.293 GMT-0800,19.493,19.477,0.75,1
18.01.2022 06:36:21.246 GMT-0800,19.513,19.497,0.75,1
18.01.2022 06:36:21.753 GMT-0800,19.504,19.486,0.75,1
18.01.2022 06:36:23.865 GMT-0800,19.514000000000003,19.496,0.75,1
18.01.2022 06:36:24.504 GMT-0800,19.494,19.476,0.75,1
18.01.2022 06:36:25.828 GMT-0800,19.483,19.467000000000002,0.75,1
18.01.2022 06:36:26.423 GMT-0800,19.473,19.457,0.75,1
18.01.2022 06:36:27.137 GMT-0800,19.473,19.447,0.75,1
18.01.2022 06:36:27.188 GMT-0800,19.463,19.447,0.75,1
18.01.2022 06:36:27.380 GMT-0800,19.473,19.447,0.75,1
18.01.2022 06:36:27.431 GMT-0800,19.474,19.456,0.75,1
18.01.2022 06:36:27.954 GMT-0800,19.483,19.457,0.75,1
18.01.2022 06:36:28.054 GMT-0800,19.484,19.466,0.75,1
18.01.2022 06:36:28.155 GMT-0800,19.484,19.456,0.75,1
18.01.2022 06:36:28.407 GMT-0800,19.483,19.467000000000002,0.75,1
18.01.2022 06:36:28.824 GMT-0800,19.474,19.466,0.0008,0.75
18.01.2022 06:36:28.874 GMT-0800,19.473,19.457,0.75,1
18.01.2022 06:36:29.407 GMT-0800,19.463,19.447,0.75,1
18.01.2022 06:36:30.082 GMT-0800,19.464000000000002,19.436,0.75,1
18.01.2022 06:36:30.133 GMT-0800,19.453,19.437,0.75,1
18.01.2022 06:36:30.284 GMT-0800,19.464000000000002,19.436,0.75,1
18.01.2022 06:36:30.385 GMT-0800,19.454,19.436,0.75,1
18.01.2022 06:36:31.093 GMT-0800,19.443,19.427,0.75,1
18.01.2022 06:36:31.195 GMT-0800,19.454,19.436,0.75,1
18.01.2022 06:36:31.346 GMT-0800,19.473,19.437,0.75,1
18.01.2022 06:36:31.470 GMT-0800,19.464000000000002,19.436,0.0008,1
18.01.2022 06:36:31.520 GMT-0800,19.483,19.467000000000002,0.75,0.0008
18.01.2022 06:36:31.672 GMT-0800,19.494,19.476,0.75,1
18.01.2022 06:36:31.891 GMT-0800,19.483,19.467000000000002,0.75,1
18.01.2022 06:36:32.076 GMT-0800,19.494,19.476,0.75,1
18.01.2022 06:36:32.366 GMT-0800,19.484,19.466,0.75,1
18.01.2022 06:36:32.416 GMT-0800,19.484,19.456,0.75,1
18.01.2022 06:36:32.908 GMT-0800,19.484,19.466,0.75,1
18.01.2022 06:36:33.824 GMT-0800,19.473,19.457,0.75,1
18.01.2022 06:36:33.975 GMT-0800,19.484,19.466,0.75,1
18.01.2022 06:36:34.861 GMT-0800,19.493,19.477,0.75,1
18.01.2022 06:36:35.500 GMT-0800,19.484,19.466,0.75,1
18.01.2022 06:36:35.601 GMT-0800,19.493,19.477,0.75,1
18.01.2022 06:36:36.673 GMT-0800,19.504,19.486,0.75,1
18.01.2022 06:36:36.774 GMT-0800,19.494,19.476,0.75,1
18.01.2022 06:36:40.699 GMT-0800,19.503,19.477,0.75,1
18.01.2022 06:36:40.750 GMT-0800,19.504,19.486,0.75,1
18.01.2022 06:36:41.888 GMT-0800,19.493,19.477,0.75,1
18.01.2022 06:36:43.133 GMT-0800,19.503,19.477,0.75,1
18.01.2022 06:36:43.184 GMT-0800,19.504,19.486,0.75,1
18.01.2022 06:36:43.385 GMT-0800,19.493,19.477,0.75,1
18.01.2022 06:36:43.658 GMT-0800,19.504,19.486,0.75,1
18.01.2022 06:36:44.406 GMT-0800,19.494,19.476,0.75,1
18.01.2022 06:36:44.889 GMT-0800,19.484,19.476,0,0.0008
18.01.2022 06:36:44.939 GMT-0800,19.484,19.466,0.75,1
18.01.2022 06:36:51.798 GMT-0800,19.493,19.477,0.75,1
18.01.2022 06:36:52.186 GMT-0800,19.503,19.477,0.75,1
18.01.2022 06:36:52.237 GMT-0800,19.494,19.476,0.75,1
18.01.2022 06:36:53.186 GMT-0800,19.493,19.467000000000002,0.75,1
18.01.2022 06:36:53.287 GMT-0800,19.493,19.477,0.75,1
18.01.2022 06:36:54.944 GMT-0800,19.503,19.487000000000002,0.75,1
18.01.2022 06:36:55.707 GMT-0800,19.513,19.497,0.75,1
18.01.2022 06:36:56.425 GMT-0800,19.503,19.487000000000002,0.75,1
18.01.2022 06:36:56.633 GMT-0800,19.514000000000003,19.496,0.75,1
18.01.2022 06:36:57.028 GMT-0800,19.513,19.487000000000002,0.75,1
18.01.2022 06:36:57.078 GMT-0800,19.504,19.486,0.75,1
18.01.2022 06:36:58.018 GMT-0800,19.514000000000003,19.496,0.75,1
18.01.2022 06:36:58.427 GMT-0800,19.503,19.487000000000002,0.75,1
18.01.2022 06:36:59.534 GMT-0800,19.503,19.497,0.0008,0.75
18.01.2022 06:36:59.585 GMT-0800,19.513,19.497,0.75,1
18.01.2022 06:37:00.963 GMT-0800,19.523,19.507,0.75,1
18.01.2022 06:37:01.215 GMT-0800,19.533,19.517,0.75,1
18.01.2022 06:37:01.979 GMT-0800,19.524,19.506,0.75,1
18.01.2022 06:37:02.209 GMT-0800,19.514000000000003,19.496,0.75,1
18.01.2022 06:37:03.322 GMT-0800,19.504,19.486,0.75,1
18.01.2022 06:37:03.422 GMT-0800,19.514000000000003,19.486,0.75,1
18.01.2022 06:37:03.573 GMT-0800,19.503,19.487000000000002,0.75,1
18.01.2022 06:37:03.825 GMT-0800,19.513,19.487000000000002,0.75,1
18.01.2022 06:37:03.969 GMT-0800,19.503,19.487000000000002,0.75,1
18.01.2022 06:37:04.434 GMT-0800,19.494,19.476,0.75,1
18.01.2022 06:37:04.607 GMT-0800,19.503,19.487000000000002,0.75,1
18.01.2022 06:37:05.849 GMT-0800,19.503,19.477,0.75,1
18.01.2022 06:37:05.900 GMT-0800,19.504,19.486,0.75,1
18.01.2022 06:37:06.037 GMT-0800,19.503,19.477,0.75,1
18.01.2022 06:37:06.088 GMT-0800,19.493,19.477,0.75,1
18.01.2022 06:37:06.239 GMT-0800,19.504,19.476,0.75,1
18.01.2022 06:37:06.440 GMT-0800,19.494,19.476,0.75,1
18.01.2022 06:37:06.715 GMT-0800,19.504,19.476,0.75,1
18.01.2022 06:37:06.766 GMT-0800,19.494,19.476,0.75,1
18.01.2022 06:37:06.867 GMT-0800,19.504,19.476,0.75,1
18.01.2022 06:37:06.992 GMT-0800,19.494,19.476,0.0008,1
18.01.2022 06:37:07.591 GMT-0800,19.503,19.477,0.75,1
18.01.2022 06:37:07.641 GMT-0800,19.494,19.476,0.0008,1
18.01.2022 06:37:07.793 GMT-0800,19.503,19.477,0.75,1
18.01.2022 06:37:07.944 GMT-0800,19.504,19.486,0.75,1
18.01.2022 06:37:08.642 GMT-0800,19.514000000000003,19.496,0.75,1
18.01.2022 06:37:09.474 GMT-0800,19.513,19.487000000000002,0.75,1
18.01.2022 06:37:09.627 GMT-0800,19.504,19.486,0.75,1
18.01.2022 06:37:09.961 GMT-0800,19.513,19.487000000000002,0.75,1
18.01.2022 06:37:10.062 GMT-0800,19.504,19.486,0.75,1
18.01.2022 06:37:10.378 GMT-0800,19.513,19.487000000000002,0.75,1
18.01.2022 06:37:10.676 GMT-0800,19.513,19.497,0.75,1
18.01.2022 06:37:11.719 GMT-0800,19.504,19.486,0.75,1
18.01.2022 06:37:14.121 GMT-0800,19.494,19.476,0.75,1
18.01.2022 06:37:14.595 GMT-0800,19.504,19.476,0.75,1
18.01.2022 06:37:14.712 GMT-0800,19.504,19.486,0.75,1
18.01.2022 06:37:17.322 GMT-0800,19.493,19.477,0.75,1
18.01.2022 06:37:18.118 GMT-0800,19.504,19.486,0.75,1
18.01.2022 06:37:18.421 GMT-0800,19.513,19.487000000000002,0.75,1
18.01.2022 06:37:18.521 GMT-0800,19.504,19.486,0.75,1
18.01.2022 06:37:18.980 GMT-0800,19.514000000000003,19.486,0.75,1
18.01.2022 06:37:19.031 GMT-0800,19.503,19.487000000000002,0.75,1
18.01.2022 06:37:19.081 GMT-0800,19.514000000000003,19.486,0.75,1
18.01.2022 06:37:19.182 GMT-0800,19.504,19.486,0.75,1
18.01.2022 06:37:19.557 GMT-0800,19.513,19.487000000000002,0.75,1
18.01.2022 06:37:19.607 GMT-0800,19.503,19.487000000000002,0.75,1
18.01.2022 06:37:19.658 GMT-0800,19.514000000000003,19.486,0.75,1
18.01.2022 06:37:19.859 GMT-0800,19.513,19.497,0.75,1
18.01.2022 06:37:20.854 GMT-0800,19.523,19.507,0.75,1
18.01.2022 06:37:25.751 GMT-0800,19.514000000000003,19.496,0.75,1
18.01.2022 06:37:27.972 GMT-0800,19.524,19.506,0.75,1
18.01.2022 06:37:28.727 GMT-0800,19.513,19.497,0.75,1
18.01.2022 06:37:29.974 GMT-0800,19.504,19.486,0.75,1
18.01.2022 06:37:30.666 GMT-0800,19.513,19.487000000000002,0.75,1
18.01.2022 06:37:30.716 GMT-0800,19.503,19.487000000000002,0.75,1
18.01.2022 06:37:31.483 GMT-0800,19.514000000000003,19.486,0.75,1
18.01.2022 06:37:31.533 GMT-0800,19.514000000000003,19.496,0.75,1
18.01.2022 06:37:32.904 GMT-0800,19.513,19.487000000000002,0.75,1
18.01.2022 06:37:32.954 GMT-0800,19.503,19.487000000000002,0.75,1
18.01.2022 06:37:33.349 GMT-0800,19.503,19.497,0,0.0008
18.01.2022 06:37:33.400 GMT-0800,19.513,19.497,0.75,1
18.01.2022 06:37:33.559 GMT-0800,19.514000000000003,19.486,0.75,1
18.01.2022 06:37:33.610 GMT-0800,19.504,19.486,0.75,1
18.01.2022 06:37:36.263 GMT-0800,19.493,19.477,0.75,1
18.01.2022 06:37:36.718 GMT-0800,19.504,19.486,0.75,1
18.01.2022 06:37:36.825 GMT-0800,19.494,19.476,0.75,1
18.01.2022 06:37:38.314 GMT-0800,19.484,19.466,0.75,1
18.01.2022 06:37:40.479 GMT-0800,19.504,19.486,0.75,1
18.01.2022 06:37:42.996 GMT-0800,19.513,19.487000000000002,0.75,1
18.01.2022 06:37:43.046 GMT-0800,19.514000000000003,19.496,0.75,1
18.01.2022 06:37:44.938 GMT-0800,19.524,19.506,0.75,1
18.01.2022 06:37:45.327 GMT-0800,19.534000000000002,19.516,0.75,1
18.01.2022 06:37:46.506 GMT-0800,19.523,19.507,0.75,1
18.01.2022 06:37:51.764 GMT-0800,19.514000000000003,19.496,0.75,1
18.01.2022 06:37:52.494 GMT-0800,19.503,19.487000000000002,0.75,1
18.01.2022 06:37:53.165 GMT-0800,19.513,19.497,0.75,1
18.01.2022 06:38:01.865 GMT-0800,19.504,19.486,0.75,1
18.01.2022 06:38:01.966 GMT-0800,19.494,19.476,0.75,1
18.01.2022 06:38:02.167 GMT-0800,19.483,19.467000000000002,0.75,1
18.01.2022 06:38:04.575 GMT-0800,19.493,19.477,0.75,1
18.01.2022 06:38:06.495 GMT-0800,19.503,19.487000000000002,0.75,1
18.01.2022 06:38:08.459 GMT-0800,19.493,19.477,0.75,1
18.01.2022 06:38:09.802 GMT-0800,19.484,19.466,0.75,1
18.01.2022 06:38:10.169 GMT-0800,19.494,19.476,0.75,1
18.01.2022 06:38:11.096 GMT-0800,19.493,19.467000000000002,0.75,1
18.01.2022 06:38:11.146 GMT-0800,19.493,19.477,0.75,1
18.01.2022 06:38:11.512 GMT-0800,19.484,19.466,0.75,1
18.01.2022 06:38:14.811 GMT-0800,19.473,19.457,0.75,1
18.01.2022 06:38:18.656 GMT-0800,19.484,19.456,0.75,1
18.01.2022 06:38:18.706 GMT-0800,19.473,19.457,0.75,1
18.01.2022 06:38:18.946 GMT-0800,19.483,19.457,0.75,1
18.01.2022 06:38:18.997 GMT-0800,19.483,19.467000000000002,0.75,1
18.01.2022 06:38:19.804 GMT-0800,19.493,19.477,0.75,1
18.01.2022 06:38:20.360 GMT-0800,19.483,19.467000000000002,0.75,1
18.01.2022 06:38:20.527 GMT-0800,19.493,19.467000000000002,0.75,1
18.01.2022 06:38:20.577 GMT-0800,19.484,19.466,0.75,1
18.01.2022 06:38:21.027 GMT-0800,19.493,19.477,0.75,1
18.01.2022 06:38:21.778 GMT-0800,19.503,19.487000000000002,0.75,1
18.01.2022 06:38:22.380 GMT-0800,19.514000000000003,19.496,0.75,1
18.01.2022 06:38:23.373 GMT-0800,19.514000000000003,19.486,0.75,1
18.01.2022 06:38:23.424 GMT-0800,19.494,19.476,0.75,1
18.01.2022 06:38:24.070 GMT-0800,19.503,19.487000000000002,0.75,1
18.01.2022 06:38:25.147 GMT-0800,19.513,19.497,0.75,1
18.01.2022 06:38:25.349 GMT-0800,19.523,19.507,0.75,1
18.01.2022 06:38:28.951 GMT-0800,19.513,19.497,0.75,1
18.01.2022 06:38:29.186 GMT-0800,19.523,19.497,0.75,1
18.01.2022 06:38:29.237 GMT-0800,19.514000000000003,19.496,0.75,1
18.01.2022 06:38:33.381 GMT-0800,19.504,19.486,0.75,1
18.01.2022 06:38:33.783 GMT-0800,19.504,19.476,0.75,1
18.01.2022 06:38:33.834 GMT-0800,19.493,19.477,0.75,1
18.01.2022 06:38:37.138 GMT-0800,19.484,19.466,0.75,1
18.01.2022 06:38:38.464 GMT-0800,19.493,19.477,0.75,1
18.01.2022 06:38:39.856 GMT-0800,19.483,19.467000000000002,0.75,1
18.01.2022 06:38:42.146 GMT-0800,19.473,19.457,0.75,1
18.01.2022 06:38:44.108 GMT-0800,19.484,19.466,0.75,1
18.01.2022 06:38:44.360 GMT-0800,19.473,19.457,0.75,1
18.01.2022 06:38:46.134 GMT-0800,19.464000000000002,19.445999999999998,0.75,1
18.01.2022 06:38:47.122 GMT-0800,19.473,19.457,0.75,1
18.01.2022 06:38:47.977 GMT-0800,19.484,19.466,0.75,1
18.01.2022 06:38:48.377 GMT-0800,19.474,19.456,0.75,1
18.01.2022 06:38:51.317 GMT-0800,19.474,19.445999999999998,0.75,1
18.01.2022 06:38:51.563 GMT-0800,19.464000000000002,19.445999999999998,0.75,1
18.01.2022 06:38:51.864 GMT-0800,19.473,19.457,0.75,1
18.01.2022 06:38:52.016 GMT-0800,19.474,19.445999999999998,0.75,1
18.01.2022 06:38:52.313 GMT-0800,19.473,19.457,0.75,1
18.01.2022 06:38:53.639 GMT-0800,19.483,19.467000000000002,0.75,1
18.01.2022 06:38:55.408 GMT-0800,19.474,19.456,0.75,1
18.01.2022 06:38:55.710 GMT-0800,19.463,19.447,0.75,1
18.01.2022 06:38:56.118 GMT-0800,19.453,19.437,0.75,1
18.01.2022 06:38:56.735 GMT-0800,19.443,19.427,0.75,1
18.01.2022 06:38:57.633 GMT-0800,19.434,19.416,0.75,1
18.01.2022 06:38:59.585 GMT-0800,19.443,19.427,0.75,1
18.01.2022 06:38:59.686 GMT-0800,19.433,19.417,0.75,1
18.01.2022 06:39:00.175 GMT-0800,19.423,19.407,0.75,1
18.01.2022 06:39:01.043 GMT-0800,19.433,19.417,0.75,1
18.01.2022 06:39:02.447 GMT-0800,19.443,19.427,0.75,1
18.01.2022 06:39:02.598 GMT-0800,19.434,19.416,0.75,1
18.01.2022 06:39:07.054 GMT-0800,19.443,19.427,0.75,1
18.01.2022 06:39:07.939 GMT-0800,19.454,19.436,0.75,1
18.01.2022 06:39:09.293 GMT-0800,19.463,19.447,0.75,1
18.01.2022 06:39:09.595 GMT-0800,19.464000000000002,19.436,0.75,1
18.01.2022 06:39:09.646 GMT-0800,19.453,19.437,0.75,1
18.01.2022 06:39:10.607 GMT-0800,19.463,19.447,0.75,1
18.01.2022 06:39:10.910 GMT-0800,19.454,19.436,0.75,1
18.01.2022 06:39:12.356 GMT-0800,19.444000000000003,19.426,0.75,1
18.01.2022 06:39:12.520 GMT-0800,19.443,19.437,0.0008,0.75
18.01.2022 06:39:12.571 GMT-0800,19.454,19.436,0.75,1
18.01.2022 06:39:12.996 GMT-0800,19.464000000000002,19.436,0.75,1
18.01.2022 06:39:13.046 GMT-0800,19.464000000000002,19.445999999999998,0.75,1
18.01.2022 06:39:13.147 GMT-0800,19.463,19.437,0.75,1
18.01.2022 06:39:13.248 GMT-0800,19.463,19.447,0.75,1
18.01.2022 06:39:15.566 GMT-0800,19.454,19.436,0.75,1
18.01.2022 06:39:16.418 GMT-0800,19.463,19.447,0.75,1
18.01.2022 06:39:16.974 GMT-0800,19.453,19.437,0.75,1
18.01.2022 06:39:17.795 GMT-0800,19.464000000000002,19.445999999999998,0.75,1
18.01.2022 06:39:18.248 GMT-0800,19.454,19.436,0.75,1
18.01.2022 06:39:20.354 GMT-0800,19.463,19.447,0.75,1
18.01.2022 06:39:20.765 GMT-0800,19.454,19.436,0.75,1
18.01.2022 06:39:21.780 GMT-0800,19.444000000000003,19.426,0.75,1
18.01.2022 06:39:22.971 GMT-0800,19.453,19.437,0.75,1
18.01.2022 06:39:23.071 GMT-0800,19.463,19.437,0.75,1
18.01.2022 06:39:23.122 GMT-0800,19.464000000000002,19.445999999999998,0.75,1
18.01.2022 06:39:24.813 GMT-0800,19.454,19.436,0.75,1
18.01.2022 06:39:24.914 GMT-0800,19.443,19.427,0.75,1
18.01.2022 06:39:25.191 GMT-0800,19.433,19.417,0.75,1
18.01.2022 06:39:26.632 GMT-0800,19.424000000000003,19.406,0.75,1
18.01.2022 06:39:30.718 GMT-0800,19.434,19.406,0.75,1
18.01.2022 06:39:30.869 GMT-0800,19.433,19.417,0.75,1
18.01.2022 06:39:35.784 GMT-0800,19.423,19.407,0.75,1
18.01.2022 06:39:37.558 GMT-0800,19.434,19.416,0.75,1
18.01.2022 06:39:38.098 GMT-0800,19.444000000000003,19.426,0.75,1
18.01.2022 06:39:39.618 GMT-0800,19.433,19.417,0.75,1
18.01.2022 06:39:39.719 GMT-0800,19.444000000000003,19.416,0.75,1
18.01.2022 06:39:39.769 GMT-0800,19.444000000000003,19.426,0.75,1
18.01.2022 06:39:41.703 GMT-0800,19.433,19.417,0.75,1
18.01.2022 06:39:42.191 GMT-0800,19.444000000000003,19.426,0.75,1
18.01.2022 06:39:42.783 GMT-0800,19.453,19.437,0.75,1
18.01.2022 06:39:43.135 GMT-0800,19.444000000000003,19.426,0.75,1
18.01.2022 06:39:43.712 GMT-0800,19.433,19.417,0.75,1
18.01.2022 06:39:45.643 GMT-0800,19.444000000000003,19.416,0.75,1
18.01.2022 06:39:45.724 GMT-0800,19.434,19.416,0.0008,1
18.01.2022 06:39:47.734 GMT-0800,19.424000000000003,19.406,0.75,1
18.01.2022 06:39:47.835 GMT-0800,19.433,19.417,0.75,1
18.01.2022 06:39:48.067 GMT-0800,19.424000000000003,19.406,0.75,1
18.01.2022 06:39:49.941 GMT-0800,19.433,19.417,0.75,1
18.01.2022 06:39:50.255 GMT-0800,19.424000000000003,19.406,0.75,1
18.01.2022 06:39:50.507 GMT-0800,19.433,19.417,0.75,1
18.01.2022 06:39:52.927 GMT-0800,19.443,19.427,0.75,1
18.01.2022 06:39:53.280 GMT-0800,19.454,19.436,0.75,1
18.01.2022 06:39:53.963 GMT-0800,19.444000000000003,19.426,0.75,1
18.01.2022 06:39:55.626 GMT-0800,19.454,19.426,0.75,1
18.01.2022 06:39:55.677 GMT-0800,19.464000000000002,19.445999999999998,0.75,1
18.01.2022 06:39:57.594 GMT-0800,19.474,19.456,0.75,1
18.01.2022 06:39:57.982 GMT-0800,19.464000000000002,19.445999999999998,0.75,1
18.01.2022 06:39:59.660 GMT-0800,19.473,19.457,0.75,1
18.01.2022 06:39:59.987 GMT-0800,19.464000000000002,19.445999999999998,0.75,1
18.01.2022 06:40:00.189 GMT-0800,19.454,19.436,0.75,1
18.01.2022 06:40:00.491 GMT-0800,19.463,19.447,0.75,1
18.01.2022 06:40:00.793 GMT-0800,19.474,19.456,0.75,1
18.01.2022 06:40:01.296 GMT-0800,19.483,19.467000000000002,0.75,1
18.01.2022 06:40:02.360 GMT-0800,19.474,19.466,0.0008,0.75
18.01.2022 06:40:02.411 GMT-0800,19.474,19.456,0.75,1
18.01.2022 06:40:04.834 GMT-0800,19.464000000000002,19.445999999999998,0.75,1
18.01.2022 06:40:04.935 GMT-0800,19.473,19.457,0.75,1
18.01.2022 06:40:05.287 GMT-0800,19.483,19.457,0.75,1
18.01.2022 06:40:05.337 GMT-0800,19.483,19.467000000000002,0.75,1
18.01.2022 06:40:05.808 GMT-0800,19.473,19.457,0.75,1
18.01.2022 06:40:07.948 GMT-0800,19.483,19.457,0.75,1
18.01.2022 06:40:07.999 GMT-0800,19.484,19.466,0.75,1
18.01.2022 06:40:09.401 GMT-0800,19.493,19.477,0.75,1
18.01.2022 06:40:11.973 GMT-0800,19.484,19.466,0.75,1
18.01.2022 06:40:12.847 GMT-0800,19.494,19.476,0.75,1
18.01.2022 06:40:14.624 GMT-0800,19.483,19.467000000000002,0.75,1
18.01.2022 06:40:15.275 GMT-0800,19.494,19.476,0.75,1
18.01.2022 06:40:15.533 GMT-0800,19.483,19.467000000000002,0.75,1
18.01.2022 06:40:16.372 GMT-0800,19.474,19.456,0.75,1
18.01.2022 06:40:17.815 GMT-0800,19.464000000000002,19.445999999999998,0.75,1
18.01.2022 06:40:18.345 GMT-0800,19.454,19.436,0.75,1
18.01.2022 06:40:18.849 GMT-0800,19.463,19.447,0.75,1
18.01.2022 06:40:19.151 GMT-0800,19.454,19.436,0.75,1
18.01.2022 06:40:20.661 GMT-0800,19.443,19.427,0.75,1
18.01.2022 06:40:20.862 GMT-0800,19.454,19.426,0.75,1
18.01.2022 06:40:20.913 GMT-0800,19.444000000000003,19.426,0.75,1
18.01.2022 06:40:21.014 GMT-0800,19.454,19.436,0.75,1
18.01.2022 06:40:23.264 GMT-0800,19.463,19.447,0.75,1
18.01.2022 06:40:23.472 GMT-0800,19.453,19.437,0.75,1
18.01.2022 06:40:25.126 GMT-0800,19.463,19.447,0.75,1
18.01.2022 06:40:25.704 GMT-0800,19.474,19.456,0.75,1
18.01.2022 06:40:25.910 GMT-0800,19.464000000000002,19.445999999999998,0.75,1
18.01.2022 06:40:28.071 GMT-0800,19.473,19.457,0.75,1
18.01.2022 06:40:28.483 GMT-0800,19.484,19.466,0.75,1
18.01.2022 06:40:30.117 GMT-0800,19.474,19.456,0.75,1
18.01.2022 06:40:30.586 GMT-0800,19.483,19.467000000000002,0.75,1
18.01.2022 06:40:32.241 GMT-0800,19.494,19.476,0.75,1
18.01.2022 06:40:32.384 GMT-0800,19.483,19.467000000000002,0.75,1
18.01.2022 06:40:33.614 GMT-0800,19.473,19.467000000000002,0.0008,0.75
18.01.2022 06:40:33.665 GMT-0800,19.474,19.456,0.75,1
18.01.2022 06:40:33.879 GMT-0800,19.484,19.466,0.75,1
18.01.2022 06:40:34.685 GMT-0800,19.494,19.466,0.75,1
18.01.2022 06:40:34.736 GMT-0800,19.493,19.477,0.75,1
18.01.2022 06:40:34.843 GMT-0800,19.504,19.476,0.75,1
18.01.2022 06:40:34.893 GMT-0800,19.493,19.477,0.75,1
18.01.2022 06:40:36.350 GMT-0800,19.484,19.466,0.75,1
18.01.2022 06:40:37.795 GMT-0800,19.494,19.476,0.75,1
18.01.2022 06:40:37.896 GMT-0800,19.483,19.467000000000002,0.75,1
18.01.2022 06:40:39.809 GMT-0800,19.494,19.476,0.75,1
18.01.2022 06:40:39.910 GMT-0800,19.503,19.487000000000002,0.75,1
18.01.2022 06:40:40.162 GMT-0800,19.494,19.476,0.75,1
18.01.2022 06:40:40.364 GMT-0800,19.503,19.487000000000002,0.75,1
18.01.2022 06:40:40.616 GMT-0800,19.514000000000003,19.496,0.75,1
18.01.2022 06:40:40.868 GMT-0800,19.504,19.486,0.75,1
18.01.2022 06:40:42.056 GMT-0800,19.514000000000003,19.496,0.75,1
18.01.2022 06:40:42.692 GMT-0800,19.523,19.507,0.75,1
18.01.2022 06:40:42.793 GMT-0800,19.533,19.517,0.75,1
18.01.2022 06:40:45.817 GMT-0800,19.543,19.527,0.75,1
18.01.2022 06:40:46.763 GMT-0800,19.534000000000002,19.516,0.75,1
18.01.2022 06:40:47.229 GMT-0800,19.543,19.527,0.75,1
18.01.2022 06:40:47.338 GMT-0800,19.533,19.517,0.75,1
18.01.2022 06:40:47.899 GMT-0800,19.523,19.507,0.75,1
18.01.2022 06:40:48.225 GMT-0800,19.533,19.517,0.75,1
18.01.2022 06:40:49.016 GMT-0800,19.524,19.506,0.75,1
18.01.2022 06:40:49.122 GMT-0800,19.534000000000002,19.516,0.75,1
18.01.2022 06:40:50.022 GMT-0800,19.523,19.517,0,0.0008
18.01.2022 06:40:50.072 GMT-0800,19.524,19.506,0.75,1
18.01.2022 06:40:50.309 GMT-0800,19.533,19.507,0.75,1
18.01.2022 06:40:50.384 GMT-0800,19.524,19.506,0.0008,1
18.01.2022 06:40:54.941 GMT-0800,19.533,19.517,0.75,1
18.01.2022 06:40:57.270 GMT-0800,19.524,19.506,0.75,1
18.01.2022 06:41:00.103 GMT-0800,19.514000000000003,19.506,0.0008,0.75
18.01.2022 06:41:00.154 GMT-0800,19.514000000000003,19.496,0.75,1
18.01.2022 06:41:00.255 GMT-0800,19.524,19.506,0.75,1
18.01.2022 06:41:02.019 GMT-0800,19.513,19.497,0.75,1
18.01.2022 06:41:03.100 GMT-0800,19.504,19.486,0.75,1
18.01.2022 06:41:03.564 GMT-0800,19.514000000000003,19.496,0.75,1
18.01.2022 06:41:03.843 GMT-0800,19.504,19.486,0.75,1
18.01.2022 06:41:03.994 GMT-0800,19.493,19.477,0.75,1
18.01.2022 06:41:06.438 GMT-0800,19.504,19.486,0.75,1
18.01.2022 06:41:08.617 GMT-0800,19.493,19.477,0.75,1
18.01.2022 06:41:08.950 GMT-0800,19.504,19.486,0.75,1
18.01.2022 06:41:10.135 GMT-0800,19.494,19.476,0.75,1
18.01.2022 06:41:10.538 GMT-0800,19.483,19.467000000000002,0.75,1
18.01.2022 06:41:11.889 GMT-0800,19.493,19.477,0.75,1
18.01.2022 06:41:12.756 GMT-0800,19.484,19.476,0,0.0008
18.01.2022 06:41:12.806 GMT-0800,19.483,19.467000000000002,0.75,1
18.01.2022 06:41:13.663 GMT-0800,19.483,19.457,0.75,1
18.01.2022 06:41:13.815 GMT-0800,19.483,19.467000000000002,0.75,1
18.01.2022 06:41:15.024 GMT-0800,19.484,19.456,0.75,1
18.01.2022 06:41:15.075 GMT-0800,19.464000000000002,19.445999999999998,0.75,1
18.01.2022 06:41:15.176 GMT-0800,19.453,19.437,0.75,1
18.01.2022 06:41:16.465 GMT-0800,19.443,19.427,0.75,1
18.01.2022 06:41:16.772 GMT-0800,19.453,19.437,0.75,1
18.01.2022 06:41:18.505 GMT-0800,19.454,19.426,0.75,1
18.01.2022 06:41:18.555 GMT-0800,19.443,19.427,0.75,1
18.01.2022 06:41:19.690 GMT-0800,19.444000000000003,19.416,0.75,1
18.01.2022 06:41:19.791 GMT-0800,19.444000000000003,19.426,0.75,1
18.01.2022 06:41:22.417 GMT-0800,19.433,19.417,0.75,1
18.01.2022 06:41:23.961 GMT-0800,19.414,19.396,0.75,1
18.01.2022 06:41:24.163 GMT-0800,19.403,19.387,0.75,1
18.01.2022 06:41:24.886 GMT-0800,19.393,19.377000000000002,0.75,1
18.01.2022 06:41:25.456 GMT-0800,19.384,19.366,0.75,1
18.01.2022 06:41:25.708 GMT-0800,19.394000000000002,19.366,0.75,1
18.01.2022 06:41:25.758 GMT-0800,19.393,19.377000000000002,0.75,1
18.01.2022 06:41:26.067 GMT-0800,19.383,19.367,0.75,1
18.01.2022 06:41:26.905 GMT-0800,19.394000000000002,19.376,0.75,1
18.01.2022 06:41:29.496 GMT-0800,19.384,19.366,0.75,1
18.01.2022 06:41:29.975 GMT-0800,19.373,19.357,0.75,1
18.01.2022 06:41:30.316 GMT-0800,19.364,19.346,0.75,1
18.01.2022 06:41:30.532 GMT-0800,19.374000000000002,19.346,0.75,1
18.01.2022 06:41:30.583 GMT-0800,19.374000000000002,19.355999999999998,0.75,1
18.01.2022 06:41:32.197 GMT-0800,19.364,19.346,0.75,1
18.01.2022 06:41:34.122 GMT-0800,19.374000000000002,19.355999999999998,0.75,1
18.01.2022 06:41:34.223 GMT-0800,19.364,19.346,0.75,1
18.01.2022 06:41:34.534 GMT-0800,19.363,19.337,0.75,1
18.01.2022 06:41:34.607 GMT-0800,19.363,19.347,0.75,0.0008
18.01.2022 06:41:35.269 GMT-0800,19.353,19.337,0.75,1
18.01.2022 06:41:35.837 GMT-0800,19.364,19.346,0.75,1
18.01.2022 06:41:36.833 GMT-0800,19.374000000000002,19.355999999999998,0.75,1
18.01.2022 06:41:39.328 GMT-0800,19.383,19.367,0.75,1
18.01.2022 06:41:41.370 GMT-0800,19.373,19.357,0.75,1
18.01.2022 06:41:41.578 GMT-0800,19.383,19.367,0.75,1
18.01.2022 06:41:41.910 GMT-0800,19.393,19.377000000000002,0.75,1
18.01.2022 06:41:42.946 GMT-0800,19.383,19.367,0.75,1
18.01.2022 06:41:44.322 GMT-0800,19.373,19.357,0.75,1
18.01.2022 06:41:44.651 GMT-0800,19.363,19.347,0.75,1
18.01.2022 06:41:44.752 GMT-0800,19.374000000000002,19.355999999999998,0.75,1
18.01.2022 06:41:45.088 GMT-0800,19.374000000000002,19.346,0.75,1
18.01.2022 06:41:45.138 GMT-0800,19.363,19.347,0.75,1
18.01.2022 06:41:45.618 GMT-0800,19.353,19.347,0,0.0008
18.01.2022 06:41:45.669 GMT-0800,19.353,19.337,0.75,1
18.01.2022 06:41:46.883 GMT-0800,19.363,19.337,0.75,1
18.01.2022 06:41:46.934 GMT-0800,19.364,19.346,0.75,1
18.01.2022 06:41:48.742 GMT-0800,19.354000000000003,19.336,0.75,1
18.01.2022 06:41:49.815 GMT-0800,19.363,19.337,0.75,1
18.01.2022 06:41:49.968 GMT-0800,19.354000000000003,19.336,0.75,1
18.01.2022 06:41:50.069 GMT-0800,19.363,19.347,0.75,1
18.01.2022 06:41:50.442 GMT-0800,19.374000000000002,19.346,0.75,1
18.01.2022 06:41:50.493 GMT-0800,19.364,19.346,0.75,1
18.01.2022 06:41:50.851 GMT-0800,19.363,19.357,0,0.0008
18.01.2022 06:41:50.901 GMT-0800,19.373,19.357,0.75,1
18.01.2022 06:41:51.153 GMT-0800,19.373,19.347,0.75,1
18.01.2022 06:41:51.203 GMT-0800,19.374000000000002,19.355999999999998,0.75,1
18.01.2022 06:41:51.579 GMT-0800,19.383,19.357,0.75,1
18.01.2022 06:41:51.680 GMT-0800,19.384,19.366,0.75,1
18.01.2022 06:41:52.498 GMT-0800,19.383,19.357,0.75,1
18.01.2022 06:41:52.548 GMT-0800,19.384,19.366,0.75,1
18.01.2022 06:41:52.809 GMT-0800,19.373,19.357,0.75,1
18.01.2022 06:41:53.922 GMT-0800,19.364,19.346,0.75,1
18.01.2022 06:41:55.009 GMT-0800,19.354000000000003,19.336,0.75,1
18.01.2022 06:41:55.796 GMT-0800,19.363,19.347,0.75,1
18.01.2022 06:41:57.071 GMT-0800,19.373,19.357,0.75,1
18.01.2022 06:41:57.281 GMT-0800,19.364,19.346,0.75,1
18.01.2022 06:41:57.884 GMT-0800,19.373,19.357,0.75,1
18.01.2022 06:41:58.093 GMT-0800,19.384,19.366,0.75,1
18.01.2022 06:41:59.481 GMT-0800,19.374000000000002,19.355999999999998,0.75,1
18.01.2022 06:41:59.783 GMT-0800,19.383,19.367,0.75,1
18.01.2022 06:42:00.994 GMT-0800,19.374000000000002,19.355999999999998,0.75,1
18.01.2022 06:42:02.196 GMT-0800,19.383,19.367,0.75,1
18.01.2022 06:42:02.886 GMT-0800,19.373,19.357,0.75,1
18.01.2022 06:42:03.316 GMT-0800,19.394000000000002,19.355999999999998,0.75,1
18.01.2022 06:42:03.367 GMT-0800,19.393,19.367,0.75,1
18.01.2022 06:42:03.518 GMT-0800,19.393,19.377000000000002,0.75,1
18.01.2022 06:42:03.776 GMT-0800,19.404,19.386,0.75,1
18.01.2022 06:42:03.928 GMT-0800,19.394000000000002,19.376,0.75,1
18.01.2022 06:42:04.584 GMT-0800,19.404,19.386,0.75,1
18.01.2022 06:42:06.207 GMT-0800,19.393,19.377000000000002,0.75,1
18.01.2022 06:42:06.603 GMT-0800,19.403,19.387,0.75,1
18.01.2022 06:42:08.018 GMT-0800,19.393,19.377000000000002,0.75,1
18.01.2022 06:42:08.748 GMT-0800,19.383,19.367,0.75,1
18.01.2022 06:42:08.849 GMT-0800,19.373,19.357,0.75,1
18.01.2022 06:42:09.000 GMT-0800,19.383,19.367,0.75,1
18.01.2022 06:42:09.655 GMT-0800,19.373,19.357,0.75,1
18.01.2022 06:42:09.923 GMT-0800,19.363,19.347,0.75,1
18.01.2022 06:42:15.511 GMT-0800,19.373,19.357,0.75,1
18.01.2022 06:42:16.102 GMT-0800,19.363,19.347,0.75,1
18.01.2022 06:42:17.532 GMT-0800,19.354000000000003,19.336,0.75,1
18.01.2022 06:42:17.733 GMT-0800,19.344,19.326,0.75,1
18.01.2022 06:42:17.934 GMT-0800,19.353,19.337,0.75,1
18.01.2022 06:42:18.852 GMT-0800,19.353,19.327,0.75,1
18.01.2022 06:42:18.903 GMT-0800,19.343,19.327,0.75,1
18.01.2022 06:42:19.776 GMT-0800,19.354000000000003,19.336,0.75,1
18.01.2022 06:42:21.290 GMT-0800,19.344,19.336,0.0008,0.75
18.01.2022 06:42:21.341 GMT-0800,19.343,19.327,0.75,1
18.01.2022 06:42:21.592 GMT-0800,19.354000000000003,19.336,0.75,1
18.01.2022 06:42:24.943 GMT-0800,19.343,19.327,0.75,1
18.01.2022 06:42:26.650 GMT-0800,19.354000000000003,19.336,0.75,1
18.01.2022 06:42:27.797 GMT-0800,19.364,19.346,0.75,1
18.01.2022 06:42:29.161 GMT-0800,19.354000000000003,19.336,0.75,1
18.01.2022 06:42:32.795 GMT-0800,19.344,19.326,0.75,1
18.01.2022 06:42:38.861 GMT-0800,19.313,19.297,0.75,1
18.01.2022 06:42:39.684 GMT-0800,19.303,19.287000000000003,0.75,1
18.01.2022 06:42:40.560 GMT-0800,19.293,19.277,0.75,1
18.01.2022 06:42:41.523 GMT-0800,19.304000000000002,19.276,0.75,1
18.01.2022 06:42:41.574 GMT-0800,19.303,19.287000000000003,0.75,1
18.01.2022 06:42:42.033 GMT-0800,19.293,19.277,0.75,1
18.01.2022 06:42:42.385 GMT-0800,19.334,19.316,0.75,1
18.01.2022 06:42:42.735 GMT-0800,19.344,19.326,0.75,1
18.01.2022 06:42:43.393 GMT-0800,19.333,19.317,0.75,1
18.01.2022 06:42:43.653 GMT-0800,19.343,19.327,0.75,1
18.01.2022 06:42:44.063 GMT-0800,19.333,19.317,0.75,1
18.01.2022 06:42:45.817 GMT-0800,19.323,19.307000000000002,0.75,1
18.01.2022 06:42:46.171 GMT-0800,19.313,19.297,0.75,1
18.01.2022 06:42:51.533 GMT-0800,19.314,19.285999999999998,0.75,1
18.01.2022 06:42:51.584 GMT-0800,19.304000000000002,19.285999999999998,0.75,1
18.01.2022 06:42:53.261 GMT-0800,19.313,19.297,0.75,1
18.01.2022 06:42:57.377 GMT-0800,19.303,19.287000000000003,0.75,1
18.01.2022 06:42:58.226 GMT-0800,19.294,19.276,0.75,1
18.01.2022 06:42:59.270 GMT-0800,19.303,19.287000000000003,0.75,1
18.01.2022 06:43:01.111 GMT-0800,19.293,19.277,0.75,1
18.01.2022 06:43:02.074 GMT-0800,19.303,19.287000000000003,0.75,1
18.01.2022 06:43:04.115 GMT-0800,19.314,19.296,0.75,1
18.01.2022 06:43:06.416 GMT-0800,19.323,19.297,0.75,1
18.01.2022 06:43:06.567 GMT-0800,19.314,19.296,0.75,1
18.01.2022 06:43:07.957 GMT-0800,19.324,19.306,0.75,1
18.01.2022 06:43:08.346 GMT-0800,19.313,19.297,0.75,1
18.01.2022 06:43:08.497 GMT-0800,19.303,19.287000000000003,0.75,1
18.01.2022 06:43:08.703 GMT-0800,19.314,19.296,0.75,1
18.01.2022 06:43:09.096 GMT-0800,19.324,19.306,0.75,1
18.01.2022 06:43:10.150 GMT-0800,19.343,19.327,0.75,1
18.01.2022 06:43:12.377 GMT-0800,19.354000000000003,19.336,0.75,1
18.01.2022 06:43:12.528 GMT-0800,19.344,19.326,0.75,1
18.01.2022 06:43:14.775 GMT-0800,19.354000000000003,19.336,0.75,1
18.01.2022 06:43:14.926 GMT-0800,19.363,19.347,0.75,1
18.01.2022 06:43:17.414 GMT-0800,19.363,19.337,0.75,1
18.01.2022 06:43:17.515 GMT-0800,19.363,19.347,0.75,1
18.01.2022 06:43:17.565 GMT-0800,19.364,19.336,0.75,1
18.01.2022 06:43:17.839 GMT-0800,19.353,19.337,0.75,1
18.01.2022 06:43:19.273 GMT-0800,19.354000000000003,19.326,0.75,1
18.01.2022 06:43:19.324 GMT-0800,19.344,19.326,0.75,1
18.01.2022 06:43:19.840 GMT-0800,19.344,19.336,0,0.0008
18.01.2022 06:43:19.890 GMT-0800,19.353,19.337,0.75,1
18.01.2022 06:43:20.192 GMT-0800,19.364,19.346,0.75,1
18.01.2022 06:43:20.343 GMT-0800,19.364,19.336,0.75,1
18.01.2022 06:43:20.394 GMT-0800,19.354000000000003,19.336,0.75,1
18.01.2022 06:43:21.556 GMT-0800,19.353,19.327,0.75,1
18.01.2022 06:43:21.657 GMT-0800,19.354000000000003,19.336,0.75,1
18.01.2022 06:43:22.008 GMT-0800,19.344,19.326,0.75,1
18.01.2022 06:43:22.374 GMT-0800,19.334,19.316,0.75,1
18.01.2022 06:43:23.396 GMT-0800,19.343,19.327,0.75,1
18.01.2022 06:43:24.463 GMT-0800,19.353,19.337,0.75,1
18.01.2022 06:43:25.549 GMT-0800,19.343,19.327,0.75,1
18.01.2022 06:43:27.006 GMT-0800,19.353,19.337,0.75,1
18.01.2022 06:43:27.107 GMT-0800,19.343,19.327,0.75,1
18.01.2022 06:43:27.258 GMT-0800,19.353,19.337,0.75,1
18.01.2022 06:43:28.148 GMT-0800,19.343,19.327,0.75,1
18.01.2022 06:43:30.067 GMT-0800,19.334,19.316,0.75,1
18.01.2022 06:43:30.319 GMT-0800,19.344,19.326,0.75,1
18.01.2022 06:43:32.513 GMT-0800,19.334,19.316,0.75,1
18.01.2022 06:43:32.664 GMT-0800,19.344,19.326,0.75,1
18.01.2022 06:43:33.934 GMT-0800,19.333,19.317,0.75,1
18.01.2022 06:43:37.797 GMT-0800,19.344,19.326,0.75,1
18.01.2022 06:43:41.442 GMT-0800,19.333,19.317,0.75,1
18.01.2022 06:43:42.794 GMT-0800,19.344,19.326,0.75,1
18.01.2022 06:43:43.047 GMT-0800,19.334,19.316,0.75,1
18.01.2022 06:43:44.828 GMT-0800,19.344,19.326,0.75,1
18.01.2022 06:43:47.241 GMT-0800,19.353,19.337,0.75,1
18.01.2022 06:43:47.442 GMT-0800,19.343,19.327,0.75,1
18.01.2022 06:43:47.543 GMT-0800,19.353,19.337,0.75,1
18.01.2022 06:43:48.293 GMT-0800,19.363,19.347,0.75,1
18.01.2022 06:43:48.893 GMT-0800,19.364,19.336,0.75,1
18.01.2022 06:43:48.943 GMT-0800,19.354000000000003,19.336,0.75,1
18.01.2022 06:43:49.522 GMT-0800,19.343,19.327,0.75,1
18.01.2022 06:43:50.066 GMT-0800,19.353,19.337,0.75,1
18.01.2022 06:43:51.336 GMT-0800,19.344,19.326,0.75,1
18.01.2022 06:43:52.050 GMT-0800,19.353,19.337,0.75,1
18.01.2022 06:43:53.152 GMT-0800,19.343,19.327,0.75,1
18.01.2022 06:43:53.965 GMT-0800,19.353,19.337,0.75,1
18.01.2022 06:43:54.288 GMT-0800,19.363,19.347,0.75,1
18.01.2022 06:43:57.256 GMT-0800,19.353,19.337,0.75,1
18.01.2022 06:43:58.170 GMT-0800,19.343,19.327,0.75,1
18.01.2022 06:43:59.358 GMT-0800,19.353,19.337,0.75,1
18.01.2022 06:44:01.131 GMT-0800,19.344,19.326,0.75,1
18.01.2022 06:44:01.335 GMT-0800,19.353,19.337,0.75,1
18.01.2022 06:44:02.577 GMT-0800,19.363,19.347,0.75,1
18.01.2022 06:44:04.797 GMT-0800,19.353,19.337,0.75,1
18.01.2022 06:44:05.810 GMT-0800,19.364,19.346,0.75,1
18.01.2022 06:44:06.265 GMT-0800,19.353,19.337,0.75,1
18.01.2022 06:44:07.499 GMT-0800,19.364,19.346,0.75,1
18.01.2022 06:44:08.260 GMT-0800,19.384,19.366,0.75,1
18.01.2022 06:44:09.243 GMT-0800,19.383,19.357,0.75,1
18.01.2022 06:44:09.293 GMT-0800,19.374000000000002,19.355999999999998,0.75,1
18.01.2022 06:44:10.060 GMT-0800,19.383,19.357,0.75,1
18.01.2022 06:44:10.111 GMT-0800,19.383,19.367,0.75,1
18.01.2022 06:44:12.579 GMT-0800,19.373,19.357,0.75,1
18.01.2022 06:44:13.097 GMT-0800,19.394000000000002,19.355999999999998,0.75,1
18.01.2022 06:44:13.198 GMT-0800,19.394000000000002,19.366,0.75,1
18.01.2022 06:44:13.249 GMT-0800,19.403,19.367,0.75,1
18.01.2022 06:44:13.301 GMT-0800,19.404,19.376,0.75,1
18.01.2022 06:44:13.452 GMT-0800,19.404,19.386,0.75,1
18.01.2022 06:44:13.553 GMT-0800,19.414,19.396,0.75,1
18.01.2022 06:44:15.012 GMT-0800,19.424000000000003,19.406,0.75,1
18.01.2022 06:44:15.113 GMT-0800,19.414,19.396,0.75,1
18.01.2022 06:44:16.744 GMT-0800,19.403,19.387,0.75,1
18.01.2022 06:44:23.166 GMT-0800,19.393,19.377000000000002,0.75,1
18.01.2022 06:44:25.582 GMT-0800,19.404,19.386,0,1
18.01.2022 06:44:25.683 GMT-0800,19.413,19.397000000000002,0.75,1
18.01.2022 06:44:27.809 GMT-0800,19.424000000000003,19.406,0.75,1
18.01.2022 06:44:27.960 GMT-0800,19.413,19.397000000000002,0.75,1
18.01.2022 06:44:28.570 GMT-0800,19.404,19.386,0.75,1
18.01.2022 06:44:30.567 GMT-0800,19.394000000000002,19.376,0.75,1
18.01.2022 06:44:30.919 GMT-0800,19.404,19.386,0.75,1
18.01.2022 06:44:32.284 GMT-0800,19.393,19.377000000000002,0.75,1
18.01.2022 06:44:33.252 GMT-0800,19.404,19.386,0.75,1
18.01.2022 06:44:33.483 GMT-0800,19.413,19.387,0.75,1
18.01.2022 06:44:33.534 GMT-0800,19.413,19.397000000000002,0.75,1
18.01.2022 06:44:33.685 GMT-0800,19.424000000000003,19.406,0.75,1
18.01.2022 06:44:33.786 GMT-0800,19.413,19.397000000000002,0.75,1
18.01.2022 06:44:34.566 GMT-0800,19.403,19.387,0.75,1
18.01.2022 06:44:35.621 GMT-0800,19.394000000000002,19.376,0.75,1
18.01.2022 06:44:35.897 GMT-0800,19.383,19.367,0.75,1
18.01.2022 06:44:36.993 GMT-0800,19.383,19.377000000000002,0,0.0008
18.01.2022 06:44:37.047 GMT-0800,19.394000000000002,19.376,0.75,1
18.01.2022 06:44:37.661 GMT-0800,19.403,19.387,0.75,1
18.01.2022 06:44:40.058 GMT-0800,19.393,19.377000000000002,0.75,1
18.01.2022 06:44:43.161 GMT-0800,19.374000000000002,19.355999999999998,0.75,1
18.01.2022 06:44:43.344 GMT-0800,19.384,19.366,0.75,1
18.01.2022 06:44:44.853 GMT-0800,19.393,19.377000000000002,0.75,1
18.01.2022 06:44:46.022 GMT-0800,19.384,19.366,0.75,1
18.01.2022 06:44:47.646 GMT-0800,19.374000000000002,19.355999999999998,0.75,1
18.01.2022 06:44:48.081 GMT-0800,19.364,19.346,0.75,1
18.01.2022 06:44:48.182 GMT-0800,19.374000000000002,19.346,0.75,1
18.01.2022 06:44:48.233 GMT-0800,19.374000000000002,19.355999999999998,0.75,1
18.01.2022 06:44:49.013 GMT-0800,19.373,19.347,0.75,1
18.01.2022 06:44:49.064 GMT-0800,19.364,19.346,0.75,1
18.01.2022 06:44:50.194 GMT-0800,19.353,19.337,0.75,1
18.01.2022 06:44:54.156 GMT-0800,19.364,19.346,0.75,1
18.01.2022 06:44:54.509 GMT-0800,19.373,19.357,0.75,1
18.01.2022 06:44:55.991 GMT-0800,19.363,19.347,0.75,1
18.01.2022 06:44:58.113 GMT-0800,19.373,19.347,0.75,1
18.01.2022 06:44:58.676 GMT-0800,19.364,19.346,0.75,1
18.01.2022 06:45:00.111 GMT-0800,19.353,19.337,0.75,1
18.01.2022 06:45:00.815 GMT-0800,19.344,19.326,0.75,1
18.01.2022 06:45:01.464 GMT-0800,19.363,19.347,0.75,1
18.01.2022 06:45:01.566 GMT-0800,19.374000000000002,19.355999999999998,0.75,1
18.01.2022 06:45:01.667 GMT-0800,19.383,19.367,0.75,1
18.01.2022 06:45:02.259 GMT-0800,19.394000000000002,19.366,0.75,1
18.01.2022 06:45:02.310 GMT-0800,19.384,19.366,0.75,1
18.01.2022 06:45:02.699 GMT-0800,19.373,19.357,0.75,1
18.01.2022 06:45:02.954 GMT-0800,19.384,19.355999999999998,0.75,1
18.01.2022 06:45:03.005 GMT-0800,19.383,19.367,0.75,1
18.01.2022 06:45:03.156 GMT-0800,19.374000000000002,19.355999999999998,0.75,1
18.01.2022 06:45:03.714 GMT-0800,19.384,19.366,0.75,1
18.01.2022 06:45:04.459 GMT-0800,19.384,19.355999999999998,0.75,1
18.01.2022 06:45:04.559 GMT-0800,19.384,19.366,0.75,1
18.01.2022 06:45:05.372 GMT-0800,19.373,19.357,0.75,1
18.01.2022 06:45:06.780 GMT-0800,19.364,19.346,0.75,1
18.01.2022 06:45:10.171 GMT-0800,19.374000000000002,19.355999999999998,0.75,1
18.01.2022 06:45:10.835 GMT-0800,19.363,19.347,0.75,1
18.01.2022 06:45:11.535 GMT-0800,19.374000000000002,19.355999999999998,0.75,1
18.01.2022 06:45:11.636 GMT-0800,19.384,19.366,0.75,1
18.01.2022 06:45:11.824 GMT-0800,19.374000000000002,19.366,0,0.0008
18.01.2022 06:45:11.874 GMT-0800,19.374000000000002,19.355999999999998,0.75,1
18.01.2022 06:45:12.383 GMT-0800,19.383,19.367,0.75,1
18.01.2022 06:45:12.725 GMT-0800,19.383,19.377000000000002,0,0.0008
18.01.2022 06:45:12.775 GMT-0800,19.394000000000002,19.376,0.75,1
18.01.2022 06:45:14.868 GMT-0800,19.383,19.367,0.75,1
18.01.2022 06:45:16.001 GMT-0800,19.374000000000002,19.355999999999998,0.75,1
18.01.2022 06:45:17.461 GMT-0800,19.383,19.367,0.75,1
18.01.2022 06:45:18.133 GMT-0800,19.393,19.377000000000002,0.75,1
18.01.2022 06:45:20.327 GMT-0800,19.404,19.386,0.75,1
18.01.2022 06:45:22.531 GMT-0800,19.413,19.397000000000002,0.75,1
18.01.2022 06:45:23.076 GMT-0800,19.404,19.386,0.75,1
18.01.2022 06:45:23.838 GMT-0800,19.414,19.396,0.75,1
18.01.2022 06:45:24.604 GMT-0800,19.423,19.407,0.75,1
18.01.2022 06:45:25.595 GMT-0800,19.413,19.397000000000002,0.75,1
18.01.2022 06:45:25.929 GMT-0800,19.404,19.386,0.75,1
18.01.2022 06:45:27.261 GMT-0800,19.393,19.377000000000002,0.75,1
18.01.2022 06:45:28.142 GMT-0800,19.403,19.387,0.75,1
18.01.2022 06:45:30.238 GMT-0800,19.413,19.397000000000002,0.75,1
18.01.2022 06:45:30.862 GMT-0800,19.414,19.386,0.75,1
18.01.2022 06:45:30.912 GMT-0800,19.404,19.386,0.75,1
18.01.2022 06:45:31.664 GMT-0800,19.414,19.396,0.75,1
18.01.2022 06:45:32.128 GMT-0800,19.414,19.386,0.75,1
18.01.2022 06:45:32.179 GMT-0800,19.404,19.386,0.75,1
18.01.2022 06:45:32.616 GMT-0800,19.394000000000002,19.376,0.75,1
18.01.2022 06:45:32.871 GMT-0800,19.404,19.386,0.75,1
18.01.2022 06:45:33.597 GMT-0800,19.393,19.377000000000002,0.75,1
18.01.2022 06:45:37.099 GMT-0800,19.404,19.386,0.75,1
18.01.2022 06:45:37.368 GMT-0800,19.413,19.397000000000002,0.75,1
18.01.2022 06:45:37.519 GMT-0800,19.403,19.387,0.75,1
18.01.2022 06:45:42.081 GMT-0800,19.394000000000002,19.376,0.75,1
18.01.2022 06:45:45.465 GMT-0800,19.403,19.387,0.75,1
18.01.2022 06:45:46.713 GMT-0800,19.393,19.377000000000002,0.75,1
18.01.2022 06:45:47.268 GMT-0800,19.404,19.386,0.75,1
18.01.2022 06:45:51.046 GMT-0800,19.414,19.396,0.75,1
18.01.2022 06:45:52.956 GMT-0800,19.423,19.407,0.75,1
18.01.2022 06:45:53.434 GMT-0800,19.414,19.396,0.75,1
18.01.2022 06:45:54.303 GMT-0800,19.424000000000003,19.406,0.75,1
18.01.2022 06:45:54.454 GMT-0800,19.434,19.416,0.75,1
18.01.2022 06:45:56.344 GMT-0800,19.444000000000003,19.426,0.75,1
18.01.2022 06:45:56.445 GMT-0800,19.454,19.436,0.75,1
18.01.2022 06:45:59.353 GMT-0800,19.454,19.426,0.75,1
18.01.2022 06:45:59.403 GMT-0800,19.443,19.427,0.75,1
18.01.2022 06:46:00.842 GMT-0800,19.434,19.416,0.75,1
18.01.2022 06:46:01.741 GMT-0800,19.443,19.427,0.75,1
18.01.2022 06:46:02.244 GMT-0800,19.433,19.417,0.75,1
18.01.2022 06:46:02.571 GMT-0800,19.434,19.406,0.75,1
18.01.2022 06:46:02.622 GMT-0800,19.433,19.417,0.75,1
18.01.2022 06:46:02.723 GMT-0800,19.433,19.407,0.75,1
18.01.2022 06:46:02.787 GMT-0800,19.433,19.417,0.75,0.0008
18.01.2022 06:46:03.457 GMT-0800,19.424000000000003,19.406,0.75,1
18.01.2022 06:46:05.819 GMT-0800,19.413,19.397000000000002,0.75,1
18.01.2022 06:46:05.970 GMT-0800,19.423,19.407,0.75,1
18.01.2022 06:46:09.647 GMT-0800,19.434,19.416,0.75,1
18.01.2022 06:46:11.076 GMT-0800,19.433,19.407,0.75,1
18.01.2022 06:46:11.127 GMT-0800,19.424000000000003,19.406,0.75,1
18.01.2022 06:46:12.510 GMT-0800,19.413,19.397000000000002,0.75,1
18.01.2022 06:46:14.948 GMT-0800,19.414,19.386,0.75,1
18.01.2022 06:46:14.998 GMT-0800,19.404,19.386,0.75,1
18.01.2022 06:46:15.857 GMT-0800,19.414,19.396,0.75,1
18.01.2022 06:46:17.908 GMT-0800,19.403,19.387,0.75,1
18.01.2022 06:46:17.959 GMT-0800,19.414,19.386,0.75,1
18.01.2022 06:46:18.009 GMT-0800,19.414,19.396,0.75,1
18.01.2022 06:46:19.349 GMT-0800,19.403,19.387,0.75,1
18.01.2022 06:46:20.143 GMT-0800,19.394000000000002,19.376,0.75,1
18.01.2022 06:46:20.263 GMT-0800,19.404,19.386,0.75,1
18.01.2022 06:46:22.525 GMT-0800,19.414,19.386,0.75,1
18.01.2022 06:46:22.626 GMT-0800,19.403,19.387,0.75,1
18.01.2022 06:46:25.318 GMT-0800,19.414,19.396,0.75,1
18.01.2022 06:46:25.369 GMT-0800,19.433,19.417,0.75,1
18.01.2022 06:46:25.801 GMT-0800,19.443,19.427,0.75,1
18.01.2022 06:46:26.261 GMT-0800,19.434,19.416,0.75,1
18.01.2022 06:46:27.326 GMT-0800,19.434,19.406,0.75,1
18.01.2022 06:46:27.376 GMT-0800,19.434,19.416,0.75,1
18.01.2022 06:46:27.605 GMT-0800,19.423,19.407,0.75,1
18.01.2022 06:46:28.633 GMT-0800,19.413,19.397000000000002,0.75,1
18.01.2022 06:46:29.041 GMT-0800,19.404,19.386,0.75,1
18.01.2022 06:46:30.203 GMT-0800,19.414,19.396,0.75,1
18.01.2022 06:46:30.354 GMT-0800,19.423,19.407,0.75,1
18.01.2022 06:46:30.910 GMT-0800,19.413,19.397000000000002,0.75,1
18.01.2022 06:46:35.063 GMT-0800,19.423,19.407,0.75,1
18.01.2022 06:46:37.970 GMT-0800,19.414,19.396,0.75,1
18.01.2022 06:46:38.624 GMT-0800,19.424000000000003,19.406,0.75,1
18.01.2022 06:46:40.516 GMT-0800,19.433,19.417,0.75,1
18.01.2022 06:46:42.971 GMT-0800,19.444000000000003,19.426,0.75,1
18.01.2022 06:46:45.222 GMT-0800,19.464000000000002,19.436,0.75,1
18.01.2022 06:46:45.273 GMT-0800,19.464000000000002,19.445999999999998,0.75,1
18.01.2022 06:46:45.537 GMT-0800,19.473,19.457,0.75,1
18.01.2022 06:46:46.982 GMT-0800,19.484,19.466,0.75,1
18.01.2022 06:46:47.792 GMT-0800,19.484,19.456,0.75,1
18.01.2022 06:46:47.843 GMT-0800,19.484,19.466,0.75,1
18.01.2022 06:46:50.720 GMT-0800,19.494,19.476,0.75,1
18.01.2022 06:46:51.266 GMT-0800,19.484,19.466,0.75,1
18.01.2022 06:46:52.314 GMT-0800,19.473,19.457,0.75,1
18.01.2022 06:46:52.718 GMT-0800,19.464000000000002,19.445999999999998,0.75,1
18.01.2022 06:46:53.271 GMT-0800,19.474,19.456,0.75,1
18.01.2022 06:46:53.588 GMT-0800,19.464000000000002,19.445999999999998,0.75,1
18.01.2022 06:46:55.336 GMT-0800,19.474,19.456,0.75,1
18.01.2022 06:46:55.437 GMT-0800,19.483,19.467000000000002,0.75,1
18.01.2022 06:46:59.917 GMT-0800,19.493,19.477,0.75,1
18.01.2022 06:47:01.432 GMT-0800,19.484,19.466,0.75,1
18.01.2022 06:47:02.857 GMT-0800,19.493,19.477,0.75,1
18.01.2022 06:47:03.162 GMT-0800,19.484,19.466,0.75,1
18.01.2022 06:47:03.322 GMT-0800,19.494,19.476,0.75,1
18.01.2022 06:47:03.372 GMT-0800,19.503,19.477,0.75,1
18.01.2022 06:47:03.423 GMT-0800,19.494,19.476,0.75,1
18.01.2022 06:47:03.536 GMT-0800,19.494,19.486,0,0.0008
18.01.2022 06:47:03.586 GMT-0800,19.503,19.487000000000002,0.75,1
18.01.2022 06:47:03.737 GMT-0800,19.494,19.476,0.75,1
18.01.2022 06:47:04.276 GMT-0800,19.484,19.466,0.75,1
18.01.2022 06:47:07.413 GMT-0800,19.474,19.466,0,0.0008
18.01.2022 06:47:07.463 GMT-0800,19.473,19.457,0.75,1
18.01.2022 06:47:09.165 GMT-0800,19.483,19.467000000000002,0.75,1
18.01.2022 06:47:09.266 GMT-0800,19.493,19.477,0.75,1
18.01.2022 06:47:09.576 GMT-0800,19.484,19.466,0.75,1
18.01.2022 06:47:11.344 GMT-0800,19.494,19.476,0.75,1
18.01.2022 06:47:11.952 GMT-0800,19.504,19.486,0.75,1
18.01.2022 06:47:12.617 GMT-0800,19.514000000000003,19.496,0.75,1
18.01.2022 06:47:12.919 GMT-0800,19.504,19.486,0.75,1
18.01.2022 06:47:13.070 GMT-0800,19.524,19.486,0.75,1
18.01.2022 06:47:13.121 GMT-0800,19.523,19.497,0.75,1
18.01.2022 06:47:13.222 GMT-0800,19.523,19.507,0.75,1
18.01.2022 06:47:14.656 GMT-0800,19.534000000000002,19.516,0.75,1
18.01.2022 06:47:14.757 GMT-0800,19.544,19.526,0.75,1
18.01.2022 06:47:14.865 GMT-0800,19.533,19.517,0.75,1
18.01.2022 06:47:15.312 GMT-0800,19.524,19.506,0.75,1
18.01.2022 06:47:15.516 GMT-0800,19.533,19.517,0.75,1
18.01.2022 06:47:16.222 GMT-0800,19.543,19.527,0.75,1
18.01.2022 06:47:17.463 GMT-0800,19.553,19.527,0.75,1
18.01.2022 06:47:17.514 GMT-0800,19.564,19.546,0.75,1
18.01.2022 06:47:18.570 GMT-0800,19.554000000000002,19.535999999999998,0.75,1
18.01.2022 06:47:18.721 GMT-0800,19.564,19.546,0.75,1
18.01.2022 06:47:19.699 GMT-0800,19.573,19.557000000000002,0.75,1
18.01.2022 06:47:20.152 GMT-0800,19.564,19.546,0.75,1
18.01.2022 06:47:20.514 GMT-0800,19.564,19.556,0.0008,0.75
18.01.2022 06:47:20.615 GMT-0800,19.563,19.547,0.75,1
18.01.2022 06:47:20.766 GMT-0800,19.554000000000002,19.535999999999998,0.75,1
18.01.2022 06:47:20.917 GMT-0800,19.543,19.527,0.75,1
18.01.2022 06:47:21.097 GMT-0800,19.553,19.537000000000003,0.75,1
18.01.2022 06:47:23.557 GMT-0800,19.563,19.547,0.75,1
18.01.2022 06:47:23.809 GMT-0800,19.574,19.556,0.75,1
18.01.2022 06:47:24.010 GMT-0800,19.573,19.547,0.75,1
18.01.2022 06:47:24.161 GMT-0800,19.564,19.546,0.75,1
18.01.2022 06:47:25.713 GMT-0800,19.573,19.557000000000002,0.75,1
18.01.2022 06:47:27.314 GMT-0800,19.564,19.546,0.75,1
18.01.2022 06:47:30.305 GMT-0800,19.554000000000002,19.535999999999998,0.75,1
18.01.2022 06:47:30.587 GMT-0800,19.564,19.535999999999998,0.75,1
18.01.2022 06:47:30.637 GMT-0800,19.554000000000002,19.535999999999998,0.75,1
18.01.2022 06:47:30.911 GMT-0800,19.564,19.546,0.75,1
18.01.2022 06:47:31.995 GMT-0800,19.574,19.556,0.75,1
18.01.2022 06:47:32.840 GMT-0800,19.584,19.556,0.75,1
18.01.2022 06:47:32.890 GMT-0800,19.574,19.556,0.75,1
18.01.2022 06:47:32.941 GMT-0800,19.583,19.557000000000002,0.75,1
18.01.2022 06:47:33.042 GMT-0800,19.574,19.556,0.75,1
18.01.2022 06:47:33.092 GMT-0800,19.583,19.557000000000002,0.75,1
18.01.2022 06:47:33.394 GMT-0800,19.573,19.557000000000002,0.75,1
18.01.2022 06:47:41.102 GMT-0800,19.584,19.556,0.75,1
18.01.2022 06:47:41.153 GMT-0800,19.574,19.556,0.75,1
18.01.2022 06:47:45.353 GMT-0800,19.564,19.546,0.75,1
18.01.2022 06:47:46.456 GMT-0800,19.554000000000002,19.535999999999998,0.75,1
18.01.2022 06:47:47.712 GMT-0800,19.563,19.537000000000003,0.75,1
18.01.2022 06:47:47.763 GMT-0800,19.563,19.547,0.75,1
18.01.2022 06:47:48.115 GMT-0800,19.553,19.537000000000003,0.75,1
18.01.2022 06:47:49.798 GMT-0800,19.563,19.547,0.75,1
18.01.2022 06:47:50.117 GMT-0800,19.553,19.537000000000003,0.75,1
18.01.2022 06:47:51.810 GMT-0800,19.543,19.527,0.75,1
18.01.2022 06:47:52.114 GMT-0800,19.554000000000002,19.535999999999998,0.75,1
18.01.2022 06:47:52.594 GMT-0800,19.544,19.526,0.75,1
18.01.2022 06:47:54.381 GMT-0800,19.554000000000002,19.535999999999998,0.75,1
18.01.2022 06:47:54.532 GMT-0800,19.544,19.526,0.75,1
18.01.2022 06:47:55.264 GMT-0800,19.533,19.517,0.75,1
18.01.2022 06:47:55.516 GMT-0800,19.533,19.527,0.0008,0.75
18.01.2022 06:47:55.567 GMT-0800,19.543,19.527,0.75,1
18.01.2022 06:47:56.455 GMT-0800,19.533,19.517,0.75,1
18.01.2022 06:47:57.272 GMT-0800,19.523,19.507,0.75,1
18.01.2022 06:47:58.141 GMT-0800,19.533,19.517,0.75,1
18.01.2022 06:47:59.960 GMT-0800,19.543,19.527,0.75,1
18.01.2022 06:48:00.262 GMT-0800,19.553,19.527,0.75,1
18.01.2022 06:48:00.314 GMT-0800,19.554000000000002,19.535999999999998,0.75,0.75
18.01.2022 06:48:00.365 GMT-0800,19.563,19.537000000000003,0.75,1
18.01.2022 06:48:00.415 GMT-0800,19.564,19.546,0.75,1
18.01.2022 06:48:00.516 GMT-0800,19.574,19.556,0.75,1
18.01.2022 06:48:00.617 GMT-0800,19.563,19.547,0.75,1
18.01.2022 06:48:03.742 GMT-0800,19.554000000000002,19.535999999999998,0.75,1
18.01.2022 06:48:04.726 GMT-0800,19.564,19.546,0.75,1
18.01.2022 06:48:07.107 GMT-0800,19.553,19.537000000000003,0.75,1
18.01.2022 06:48:09.040 GMT-0800,19.564,19.546,0.75,1
18.01.2022 06:48:09.493 GMT-0800,19.554000000000002,19.535999999999998,0.75,1
18.01.2022 06:48:10.161 GMT-0800,19.544,19.526,0.75,1
18.01.2022 06:48:10.917 GMT-0800,19.554000000000002,19.535999999999998,0.75,1
18.01.2022 06:48:11.520 GMT-0800,19.544,19.526,0.75,1
18.01.2022 06:48:13.485 GMT-0800,19.543,19.517,0.75,1
18.01.2022 06:48:13.838 GMT-0800,19.544,19.526,0.75,1
18.01.2022 06:48:14.040 GMT-0800,19.534000000000002,19.516,0.75,1
18.01.2022 06:48:14.191 GMT-0800,19.554000000000002,19.535999999999998,0.75,1
18.01.2022 06:48:14.342 GMT-0800,19.544,19.526,0.75,1
18.01.2022 06:48:16.588 GMT-0800,19.553,19.537000000000003,0.75,1
18.01.2022 06:48:17.041 GMT-0800,19.544,19.526,0.75,1
18.01.2022 06:48:20.341 GMT-0800,19.533,19.517,0.75,1
18.01.2022 06:48:25.066 GMT-0800,19.523,19.507,0.75,1
18.01.2022 06:48:25.841 GMT-0800,19.534000000000002,19.516,0.75,1
18.01.2022 06:48:26.962 GMT-0800,19.543,19.527,0.75,1
18.01.2022 06:48:27.063 GMT-0800,19.533,19.517,0.75,1
18.01.2022 06:48:32.126 GMT-0800,19.524,19.506,0.75,1
18.01.2022 06:48:32.630 GMT-0800,19.544,19.516,0.75,1
18.01.2022 06:48:32.731 GMT-0800,19.544,19.526,0.75,1
18.01.2022 06:48:33.740 GMT-0800,19.553,19.537000000000003,0.75,1
18.01.2022 06:48:33.891 GMT-0800,19.543,19.527,0.75,1
18.01.2022 06:48:34.955 GMT-0800,19.554000000000002,19.535999999999998,0.75,1
18.01.2022 06:48:35.346 GMT-0800,19.564,19.546,0.75,1
18.01.2022 06:48:36.621 GMT-0800,19.573,19.557000000000002,0.75,1
18.01.2022 06:48:37.024 GMT-0800,19.584,19.556,0.75,1
18.01.2022 06:48:37.074 GMT-0800,19.584,19.566,0.75,1
18.01.2022 06:48:37.175 GMT-0800,19.574,19.556,0.75,1
18.01.2022 06:48:37.697 GMT-0800,19.563,19.547,0.75,1
18.01.2022 06:48:39.859 GMT-0800,19.574,19.546,0.75,1
18.01.2022 06:48:39.960 GMT-0800,19.564,19.546,0.75,1
18.01.2022 06:48:40.064 GMT-0800,19.573,19.557000000000002,0.75,1
18.01.2022 06:48:43.425 GMT-0800,19.603,19.557000000000002,0.75,1
18.01.2022 06:48:43.476 GMT-0800,19.613,19.597,0.75,1
18.01.2022 06:48:45.415 GMT-0800,19.613,19.587,0.75,1
18.01.2022 06:48:45.466 GMT-0800,19.604000000000003,19.586,0.75,1
18.01.2022 06:48:47.814 GMT-0800,19.614,19.596,0.75,1
18.01.2022 06:48:48.377 GMT-0800,19.604000000000003,19.586,0.75,1
18.01.2022 06:48:59.990 GMT-0800,19.614,19.596,0.75,1
18.01.2022 06:49:02.470 GMT-0800,19.623,19.607,0.75,1
18.01.2022 06:49:02.823 GMT-0800,19.614,19.596,0.75,1
18.01.2022 06:49:04.213 GMT-0800,19.604000000000003,19.586,0.75,1
18.01.2022 06:49:05.266 GMT-0800,19.593,19.577,0.75,1
18.01.2022 06:49:05.367 GMT-0800,19.583,19.567,0.75,1
18.01.2022 06:49:05.418 GMT-0800,19.594,19.566,0.75,1
18.01.2022 06:49:05.669 GMT-0800,19.584,19.566,0.75,1
18.01.2022 06:49:06.072 GMT-0800,19.593,19.577,0.75,1
18.01.2022 06:49:06.223 GMT-0800,19.583,19.567,0.75,1
18.01.2022 06:49:07.270 GMT-0800,19.583,19.557000000000002,0.75,1
18.01.2022 06:49:07.321 GMT-0800,19.574,19.556,0.75,1
18.01.2022 06:49:08.339 GMT-0800,19.563,19.547,0.75,1
18.01.2022 06:49:09.834 GMT-0800,19.574,19.556,0.75,1
18.01.2022 06:49:10.265 GMT-0800,19.583,19.567,0.75,1
18.01.2022 06:49:10.467 GMT-0800,19.573,19.557000000000002,0.75,1
18.01.2022 06:49:11.273 GMT-0800,19.564,19.546,0.75,1
18.01.2022 06:49:12.045 GMT-0800,19.553,19.537000000000003,0.75,1
18.01.2022 06:49:12.096 GMT-0800,19.553,19.527,0.75,1
18.01.2022 06:49:12.146 GMT-0800,19.543,19.527,0.75,1
18.01.2022 06:49:12.351 GMT-0800,19.554000000000002,19.535999999999998,0.75,1
18.01.2022 06:49:12.916 GMT-0800,19.543,19.527,0.75,1
18.01.2022 06:49:15.926 GMT-0800,19.534000000000002,19.516,0.75,1
18.01.2022 06:49:16.905 GMT-0800,19.543,19.527,0.75,1
18.01.2022 06:49:17.503 GMT-0800,19.554000000000002,19.526,0.75,1
18.01.2022 06:49:17.554 GMT-0800,19.554000000000002,19.535999999999998,0.75,1
18.01.2022 06:49:17.806 GMT-0800,19.543,19.527,0.75,1
18.01.2022 06:49:18.851 GMT-0800,19.553,19.537000000000003,0.75,1
18.01.2022 06:49:19.002 GMT-0800,19.543,19.527,0.75,1
18.01.2022 06:49:19.789 GMT-0800,19.553,19.537000000000003,0.75,1
18.01.2022 06:49:20.116 GMT-0800,19.554000000000002,19.546,0.0008,0.75
18.01.2022 06:49:20.166 GMT-0800,19.563,19.547,0.75,1
18.01.2022 06:49:20.587 GMT-0800,19.573,19.547,0.75,1
18.01.2022 06:49:20.638 GMT-0800,19.574,19.556,0.75,1
18.01.2022 06:49:21.013 GMT-0800,19.564,19.546,0.75,1
18.01.2022 06:49:22.678 GMT-0800,19.573,19.547,0.75,1
18.01.2022 06:49:22.728 GMT-0800,19.573,19.557000000000002,0.75,1
18.01.2022 06:49:22.829 GMT-0800,19.584,19.566,0.75,1
18.01.2022 06:49:23.131 GMT-0800,19.574,19.556,0.75,1
18.01.2022 06:49:23.383 GMT-0800,19.583,19.567,0.75,1
18.01.2022 06:49:23.762 GMT-0800,19.573,19.557000000000002,0.75,1
18.01.2022 06:49:24.967 GMT-0800,19.563,19.547,0.75,1
18.01.2022 06:49:25.274 GMT-0800,19.573,19.557000000000002,0.75,1
18.01.2022 06:49:25.425 GMT-0800,19.583,19.567,0.75,1
18.01.2022 06:49:26.259 GMT-0800,19.574,19.556,0.75,1
18.01.2022 06:49:27.595 GMT-0800,19.584,19.556,0.75,1
18.01.2022 06:49:27.645 GMT-0800,19.583,19.567,0.75,1
18.01.2022 06:49:28.239 GMT-0800,19.594,19.566,0.75,1
18.01.2022 06:49:28.451 GMT-0800,19.593,19.577,0.75,1
18.01.2022 06:49:28.552 GMT-0800,19.594,19.566,0.75,1
18.01.2022 06:49:28.655 GMT-0800,19.584,19.566,0.75,1
18.01.2022 06:49:29.247 GMT-0800,19.593,19.577,0.75,1
18.01.2022 06:49:31.468 GMT-0800,19.584,19.566,0.75,1
18.01.2022 06:49:32.095 GMT-0800,19.594,19.576,0.75,1
18.01.2022 06:49:32.498 GMT-0800,19.584,19.566,0.75,1
18.01.2022 06:49:33.838 GMT-0800,19.573,19.557000000000002,0.75,1
18.01.2022 06:49:34.708 GMT-0800,19.584,19.566,0.75,1
18.01.2022 06:49:38.644 GMT-0800,19.573,19.557000000000002,0.75,1
18.01.2022 06:49:42.244 GMT-0800,19.563,19.547,0.75,1
18.01.2022 06:49:42.417 GMT-0800,19.563,19.557000000000002,0,0.0008
18.01.2022 06:49:42.467 GMT-0800,19.573,19.557000000000002,0.75,1
18.01.2022 06:49:44.135 GMT-0800,19.564,19.546,0.75,1
18.01.2022 06:49:44.836 GMT-0800,19.574,19.556,0.75,1
18.01.2022 06:49:45.037 GMT-0800,19.564,19.546,0.75,1
18.01.2022 06:49:47.114 GMT-0800,19.573,19.557000000000002,0.75,1
18.01.2022 06:49:51.300 GMT-0800,19.564,19.546,0.75,1
18.01.2022 06:49:53.043 GMT-0800,19.543,19.527,0.75,1
18.01.2022 06:49:54.088 GMT-0800,19.534000000000002,19.516,0.75,1
18.01.2022 06:49:56.819 GMT-0800,19.523,19.507,0.75,1
18.01.2022 06:49:58.463 GMT-0800,19.523,19.517,0.0008,0.75
18.01.2022 06:49:58.515 GMT-0800,19.533,19.517,0.75,1
18.01.2022 06:49:58.631 GMT-0800,19.544,19.526,0.75,1
18.01.2022 06:49:59.996 GMT-0800,19.553,19.527,0.75,1
18.01.2022 06:50:00.047 GMT-0800,19.544,19.526,0.75,1
18.01.2022 06:50:00.274 GMT-0800,19.554000000000002,19.535999999999998,0.75,1
18.01.2022 06:50:00.475 GMT-0800,19.564,19.546,0.75,1
18.01.2022 06:50:00.679 GMT-0800,19.553,19.537000000000003,0.75,1
18.01.2022 06:50:00.780 GMT-0800,19.554000000000002,19.526,0.75,1
18.01.2022 06:50:00.831 GMT-0800,19.544,19.526,0.75,1
18.01.2022 06:50:02.051 GMT-0800,19.553,19.537000000000003,0.75,1
18.01.2022 06:50:03.330 GMT-0800,19.564,19.535999999999998,0.75,1
18.01.2022 06:50:03.380 GMT-0800,19.564,19.546,0.75,1
18.01.2022 06:50:03.481 GMT-0800,19.554000000000002,19.535999999999998,0.75,1
18.01.2022 06:50:05.014 GMT-0800,19.564,19.546,0.75,1
18.01.2022 06:50:05.467 GMT-0800,19.573,19.557000000000002,0.75,1
18.01.2022 06:50:05.618 GMT-0800,19.564,19.546,0.75,1
18.01.2022 06:50:06.066 GMT-0800,19.574,19.556,0.75,1
18.01.2022 06:50:06.670 GMT-0800,19.563,19.547,0.75,1
18.01.2022 06:50:10.826 GMT-0800,19.564,19.535999999999998,0.75,1
18.01.2022 06:50:10.931 GMT-0800,19.564,19.546,0.75,0.0008
18.01.2022 06:50:11.032 GMT-0800,19.564,19.535999999999998,0.75,1
18.01.2022 06:50:11.083 GMT-0800,19.554000000000002,19.535999999999998,0.75,1
18.01.2022 06:50:11.134 GMT-0800,19.553,19.527,0.75,1
18.01.2022 06:50:11.184 GMT-0800,19.544,19.526,0.75,1
18.01.2022 06:50:11.763 GMT-0800,19.533,19.517,0.75,1
18.01.2022 06:50:13.883 GMT-0800,19.523,19.507,0.75,1
18.01.2022 06:50:15.139 GMT-0800,19.513,19.497,0.75,1
18.01.2022 06:50:15.340 GMT-0800,19.504,19.486,0.75,1
18.01.2022 06:50:15.834 GMT-0800,19.493,19.477,0.75,1
18.01.2022 06:50:16.483 GMT-0800,19.503,19.487000000000002,0.75,1
18.01.2022 06:50:17.185 GMT-0800,19.513,19.497,0.75,1
18.01.2022 06:50:17.946 GMT-0800,19.504,19.486,0.75,1
18.01.2022 06:50:19.376 GMT-0800,19.513,19.497,0.75,1
18.01.2022 06:50:20.007 GMT-0800,19.504,19.486,0.75,1
18.01.2022 06:50:22.163 GMT-0800,19.513,19.497,0.75,1
18.01.2022 06:50:22.465 GMT-0800,19.523,19.507,0.75,1
18.01.2022 06:50:23.602 GMT-0800,19.534000000000002,19.516,0.75,1
18.01.2022 06:50:26.523 GMT-0800,19.524,19.506,0.75,1
18.01.2022 06:50:33.202 GMT-0800,19.533,19.517,0.75,1
18.01.2022 06:50:34.873 GMT-0800,19.523,19.507,0.75,1
18.01.2022 06:50:37.349 GMT-0800,19.514000000000003,19.496,0.75,1
18.01.2022 06:50:40.087 GMT-0800,19.524,19.506,0.75,1
18.01.2022 06:50:40.882 GMT-0800,19.513,19.497,0.75,1
18.01.2022 06:50:41.205 GMT-0800,19.503,19.487000000000002,0.75,1
18.01.2022 06:50:41.306 GMT-0800,19.513,19.497,0.75,1
18.01.2022 06:50:43.396 GMT-0800,19.523,19.507,0.75,1
18.01.2022 06:50:46.258 GMT-0800,19.534000000000002,19.516,0.75,1
18.01.2022 06:50:46.543 GMT-0800,19.524,19.506,0.75,1
18.01.2022 06:50:47.766 GMT-0800,19.513,19.497,0.75,1
18.01.2022 06:50:48.062 GMT-0800,19.523,19.507,0.75,1
18.01.2022 06:50:51.389 GMT-0800,19.533,19.517,0.75,1
18.01.2022 06:50:52.423 GMT-0800,19.533,19.507,0.75,1
18.01.2022 06:50:52.473 GMT-0800,19.533,19.517,0.75,1
18.01.2022 06:50:53.318 GMT-0800,19.534000000000002,19.506,0.75,1
18.01.2022 06:50:53.395 GMT-0800,19.534000000000002,19.516,0.75,0.75
18.01.2022 06:50:56.475 GMT-0800,19.543,19.527,0.75,1
18.01.2022 06:50:56.576 GMT-0800,19.554000000000002,19.535999999999998,0.75,1
18.01.2022 06:50:57.599 GMT-0800,19.543,19.527,0.75,1
18.01.2022 06:50:57.901 GMT-0800,19.554000000000002,19.535999999999998,0.75,1
18.01.2022 06:50:59.246 GMT-0800,19.563,19.547,0.75,1
18.01.2022 06:51:01.003 GMT-0800,19.573,19.547,0.75,1
18.01.2022 06:51:01.053 GMT-0800,19.574,19.556,0.75,1
18.01.2022 06:51:01.788 GMT-0800,19.584,19.566,0.75,1
18.01.2022 06:51:01.889 GMT-0800,19.593,19.567,0.75,1
18.01.2022 06:51:01.939 GMT-0800,19.593,19.577,0.75,1
18.01.2022 06:51:02.090 GMT-0800,19.604000000000003,19.586,0.75,1
18.01.2022 06:51:02.896 GMT-0800,19.593,19.577,0.75,1
18.01.2022 06:51:03.013 GMT-0800,19.604000000000003,19.586,0.75,1
18.01.2022 06:51:06.066 GMT-0800,19.593,19.577,0.75,1
18.01.2022 06:51:06.167 GMT-0800,19.603,19.587,0.75,1
18.01.2022 06:51:07.263 GMT-0800,19.614,19.596,0.75,1
18.01.2022 06:51:07.788 GMT-0800,19.624000000000002,19.605999999999998,0.75,1
18.01.2022 06:51:08.784 GMT-0800,19.613,19.597,0.75,1
18.01.2022 06:51:08.935 GMT-0800,19.623,19.607,0.75,1
18.01.2022 06:51:09.136 GMT-0800,19.634,19.616,0.75,1
18.01.2022 06:51:09.237 GMT-0800,19.624000000000002,19.605999999999998,0.75,1
18.01.2022 06:51:10.166 GMT-0800,19.614,19.596,0.75,1
18.01.2022 06:51:10.502 GMT-0800,19.624000000000002,19.605999999999998,0.75,1
18.01.2022 06:51:12.189 GMT-0800,19.614,19.596,0.75,1
18.01.2022 06:51:16.854 GMT-0800,19.623,19.607,0.75,1
18.01.2022 06:51:18.500 GMT-0800,19.634,19.616,0.75,1
18.01.2022 06:51:18.601 GMT-0800,19.623,19.607,0.75,1
18.01.2022 06:51:19.259 GMT-0800,19.614,19.596,0.75,1
18.01.2022 06:51:19.778 GMT-0800,19.603,19.587,0.75,1
18.01.2022 06:51:21.773 GMT-0800,19.614,19.596,0.75,1
18.01.2022 06:51:23.310 GMT-0800,19.604000000000003,19.586,0.75,1
18.01.2022 06:51:23.562 GMT-0800,19.594,19.576,0.75,1
18.01.2022 06:51:24.340 GMT-0800,19.583,19.567,0.75,1
18.01.2022 06:51:25.499 GMT-0800,19.574,19.556,0.75,1
18.01.2022 06:51:26.459 GMT-0800,19.564,19.546,0.75,1
18.01.2022 06:51:26.711 GMT-0800,19.573,19.547,0.75,1
18.01.2022 06:51:26.841 GMT-0800,19.564,19.546,0.0008,1
18.01.2022 06:51:26.992 GMT-0800,19.554000000000002,19.535999999999998,0.75,1
18.01.2022 06:51:27.093 GMT-0800,19.563,19.547,0.75,1
18.01.2022 06:51:27.269 GMT-0800,19.573,19.557000000000002,0.75,1
18.01.2022 06:51:29.526 GMT-0800,19.583,19.567,0.75,1
18.01.2022 06:51:29.912 GMT-0800,19.574,19.556,0.75,1
18.01.2022 06:51:30.933 GMT-0800,19.564,19.546,0.75,1
18.01.2022 06:51:31.652 GMT-0800,19.554000000000002,19.535999999999998,0.75,1
18.01.2022 06:51:34.456 GMT-0800,19.564,19.546,0.75,1
18.01.2022 06:51:35.689 GMT-0800,19.554000000000002,19.535999999999998,0.75,1
18.01.2022 06:51:35.890 GMT-0800,19.544,19.526,0.75,1
18.01.2022 06:51:36.014 GMT-0800,19.533,19.517,0.75,1
18.01.2022 06:51:36.765 GMT-0800,19.543,19.527,0.75,1
18.01.2022 06:51:37.031 GMT-0800,19.534000000000002,19.516,0.75,1
18.01.2022 06:51:38.247 GMT-0800,19.544,19.516,0.75,1
18.01.2022 06:51:38.353 GMT-0800,19.544,19.526,0.75,1
18.01.2022 06:51:38.666 GMT-0800,19.554000000000002,19.526,0.75,1
18.01.2022 06:51:38.716 GMT-0800,19.554000000000002,19.535999999999998,0.75,1
18.01.2022 06:51:38.817 GMT-0800,19.564,19.546,0.75,1
18.01.2022 06:51:41.366 GMT-0800,19.573,19.557000000000002,0.75,1
18.01.2022 06:51:41.718 GMT-0800,19.564,19.546,0.75,1
18.01.2022 06:51:44.808 GMT-0800,19.574,19.546,0.75,1
18.01.2022 06:51:44.859 GMT-0800,19.564,19.546,0.75,1
18.01.2022 06:51:46.004 GMT-0800,19.574,19.556,0.75,1
18.01.2022 06:51:47.188 GMT-0800,19.583,19.567,0.75,1
18.01.2022 06:51:48.507 GMT-0800,19.573,19.557000000000002,0.75,1
18.01.2022 06:51:51.275 GMT-0800,19.583,19.567,0.75,1
18.01.2022 06:51:51.435 GMT-0800,19.574,19.556,0.75,1
18.01.2022 06:51:51.879 GMT-0800,19.563,19.547,0.75,1
18.01.2022 06:51:56.510 GMT-0800,19.553,19.537000000000003,0.75,1
18.01.2022 06:51:56.611 GMT-0800,19.543,19.527,0.75,1
18.01.2022 06:51:58.801 GMT-0800,19.554000000000002,19.526,0.75,1
18.01.2022 06:51:58.851 GMT-0800,19.574,19.556,0.75,1
18.01.2022 06:51:59.129 GMT-0800,19.564,19.546,0.75,1
18.01.2022 06:51:59.994 GMT-0800,19.574,19.556,0.75,1
18.01.2022 06:52:01.209 GMT-0800,19.563,19.547,0.75,1
18.01.2022 06:52:02.268 GMT-0800,19.563,19.537000000000003,0.75,1
18.01.2022 06:52:02.318 GMT-0800,19.553,19.537000000000003,0.75,1
18.01.2022 06:52:04.122 GMT-0800,19.564,19.546,0.75,1
18.01.2022 06:52:06.217 GMT-0800,19.553,19.537000000000003,0.75,1
18.01.2022 06:52:07.101 GMT-0800,19.564,19.546,0.75,1
18.01.2022 06:52:08.848 GMT-0800,19.563,19.537000000000003,0.75,1
18.01.2022 06:52:08.948 GMT-0800,19.553,19.537000000000003,0.75,1
18.01.2022 06:52:09.101 GMT-0800,19.544,19.526,0.75,1
18.01.2022 06:52:09.252 GMT-0800,19.544,19.516,0.75,1
18.01.2022 06:52:09.303 GMT-0800,19.543,19.527,0.75,1
18.01.2022 06:52:09.454 GMT-0800,19.533,19.517,0.75,1
18.01.2022 06:52:09.975 GMT-0800,19.543,19.527,0.75,1
18.01.2022 06:52:10.076 GMT-0800,19.533,19.517,0.0008,1
18.01.2022 06:52:10.783 GMT-0800,19.543,19.527,0.75,1
18.01.2022 06:52:14.925 GMT-0800,19.554000000000002,19.535999999999998,0.75,1
18.01.2022 06:52:17.568 GMT-0800,19.553,19.547,0,0.0008
18.01.2022 06:52:17.618 GMT-0800,19.563,19.547,0.75,1
18.01.2022 06:52:18.196 GMT-0800,19.554000000000002,19.535999999999998,0.75,1
18.01.2022 06:52:21.637 GMT-0800,19.564,19.546,0.75,1
18.01.2022 06:52:24.946 GMT-0800,19.573,19.557000000000002,0.75,1
18.01.2022 06:52:25.410 GMT-0800,19.564,19.546,0.75,1
18.01.2022 06:52:26.876 GMT-0800,19.573,19.557000000000002,0.75,1
18.01.2022 06:52:29.286 GMT-0800,19.583,19.557000000000002,0.75,1
18.01.2022 06:52:29.336 GMT-0800,19.573,19.557000000000002,0.75,1
18.01.2022 06:52:30.457 GMT-0800,19.584,19.566,0.75,1
18.01.2022 06:52:30.738 GMT-0800,19.593,19.577,0.75,1
18.01.2022 06:52:31.815 GMT-0800,19.584,19.566,0.75,1
18.01.2022 06:52:33.969 GMT-0800,19.594,19.576,0.75,1
18.01.2022 06:52:35.221 GMT-0800,19.594,19.586,0,0.0008
18.01.2022 06:52:35.271 GMT-0800,19.603,19.587,0.75,1
18.01.2022 06:52:37.255 GMT-0800,19.614,19.586,0.75,1
18.01.2022 06:52:37.305 GMT-0800,19.603,19.587,0.75,1
18.01.2022 06:52:37.406 GMT-0800,19.614,19.596,0.75,1
18.01.2022 06:52:38.037 GMT-0800,19.613,19.587,0.75,1
18.01.2022 06:52:38.088 GMT-0800,19.604000000000003,19.586,0.75,1
18.01.2022 06:52:40.468 GMT-0800,19.594,19.576,0.75,1
18.01.2022 06:52:41.026 GMT-0800,19.584,19.566,0.75,1
18.01.2022 06:52:41.533 GMT-0800,19.593,19.577,0.75,1
18.01.2022 06:52:42.067 GMT-0800,19.603,19.587,0.75,1
18.01.2022 06:52:42.168 GMT-0800,19.594,19.576,0.75,1
18.01.2022 06:52:42.470 GMT-0800,19.603,19.587,0.75,1
18.01.2022 06:52:42.683 GMT-0800,19.594,19.576,0.75,1
18.01.2022 06:52:46.108 GMT-0800,19.603,19.587,0.75,1
18.01.2022 06:52:49.097 GMT-0800,19.614,19.596,0.75,1
18.01.2022 06:52:50.621 GMT-0800,19.614,19.586,0.75,1
18.01.2022 06:52:50.671 GMT-0800,19.603,19.587,0.75,1
18.01.2022 06:52:52.526 GMT-0800,19.584,19.566,0.75,1
18.01.2022 06:52:52.987 GMT-0800,19.573,19.557000000000002,0.75,1
18.01.2022 06:52:56.839 GMT-0800,19.584,19.566,0.75,1
18.01.2022 06:52:57.102 GMT-0800,19.574,19.556,0.75,1
18.01.2022 06:52:57.531 GMT-0800,19.584,19.566,0.75,1
18.01.2022 06:52:58.853 GMT-0800,19.594,19.576,0.75,1
18.01.2022 06:53:00.083 GMT-0800,19.583,19.567,0.75,1
18.01.2022 06:53:00.759 GMT-0800,19.573,19.557000000000002,0.75,1
18.01.2022 06:53:01.066 GMT-0800,19.584,19.566,0.75,1
18.01.2022 06:53:02.154 GMT-0800,19.583,19.557000000000002,0.75,1
18.01.2022 06:53:02.255 GMT-0800,19.584,19.566,0.75,1
18.01.2022 06:53:02.508 GMT-0800,19.584,19.556,0.75,1
18.01.2022 06:53:02.813 GMT-0800,19.573,19.557000000000002,0.75,1
18.01.2022 06:53:03.860 GMT-0800,19.564,19.546,0.75,1
18.01.2022 06:53:04.075 GMT-0800,19.573,19.557000000000002,0.75,1
18.01.2022 06:53:05.018 GMT-0800,19.583,19.567,0.75,1
18.01.2022 06:53:05.714 GMT-0800,19.574,19.556,0.75,1
18.01.2022 06:53:06.153 GMT-0800,19.583,19.567,0.75,1
18.01.2022 06:53:06.254 GMT-0800,19.593,19.577,0.75,1
18.01.2022 06:53:08.428 GMT-0800,19.583,19.567,0.75,1
18.01.2022 06:53:09.696 GMT-0800,19.574,19.556,0.75,1
18.01.2022 06:53:10.173 GMT-0800,19.563,19.547,0.75,1
18.01.2022 06:53:10.526 GMT-0800,19.554000000000002,19.535999999999998,0.75,1
18.01.2022 06:53:12.994 GMT-0800,19.553,19.527,0.75,1
18.01.2022 06:53:13.094 GMT-0800,19.543,19.527,0.75,1
18.01.2022 06:53:13.195 GMT-0800,19.523,19.507,0.75,1
18.01.2022 06:53:13.548 GMT-0800,19.533,19.517,0.75,1
18.01.2022 06:53:14.639 GMT-0800,19.523,19.507,0.75,1
18.01.2022 06:53:15.763 GMT-0800,19.514000000000003,19.496,0.75,1
18.01.2022 06:53:16.216 GMT-0800,19.524,19.506,0.75,1
18.01.2022 06:53:16.678 GMT-0800,19.514000000000003,19.496,0.75,1
18.01.2022 06:53:20.413 GMT-0800,19.523,19.507,0.75,1
18.01.2022 06:53:23.533 GMT-0800,19.513,19.497,0.75,1
18.01.2022 06:53:24.489 GMT-0800,19.524,19.506,0.75,1
18.01.2022 06:53:25.510 GMT-0800,19.533,19.517,0.75,1
18.01.2022 06:53:25.859 GMT-0800,19.544,19.526,0.75,1
18.01.2022 06:53:26.214 GMT-0800,19.544,19.516,0.75,1
18.01.2022 06:53:26.264 GMT-0800,19.534000000000002,19.516,0.75,1
18.01.2022 06:53:32.338 GMT-0800,19.524,19.506,0.75,1
18.01.2022 06:53:32.713 GMT-0800,19.534000000000002,19.516,0.75,1
18.01.2022 06:53:34.964 GMT-0800,19.543,19.527,0.75,1
18.01.2022 06:53:35.216 GMT-0800,19.553,19.537000000000003,0.75,1
18.01.2022 06:53:35.836 GMT-0800,19.544,19.526,0.75,1
18.01.2022 06:53:38.261 GMT-0800,19.554000000000002,19.535999999999998,0.75,1
18.01.2022 06:53:39.648 GMT-0800,19.543,19.527,0.75,1
18.01.2022 06:53:39.918 GMT-0800,19.553,19.537000000000003,0.75,1
18.01.2022 06:53:40.584 GMT-0800,19.543,19.527,0.75,1
18.01.2022 06:53:41.238 GMT-0800,19.534000000000002,19.516,0.75,1
18.01.2022 06:53:41.999 GMT-0800,19.524,19.506,0.75,1
18.01.2022 06:53:42.613 GMT-0800,19.534000000000002,19.516,0.75,1
18.01.2022 06:53:43.651 GMT-0800,19.534000000000002,19.506,0.75,1
18.01.2022 06:53:43.702 GMT-0800,19.534000000000002,19.516,0.75,1
18.01.2022 06:53:44.288 GMT-0800,19.544,19.516,0.75,1
18.01.2022 06:53:44.339 GMT-0800,19.543,19.527,0.75,1
18.01.2022 06:53:45.320 GMT-0800,19.553,19.537000000000003,0.75,1
18.01.2022 06:53:46.208 GMT-0800,19.563,19.547,0.75,1
18.01.2022 06:53:46.503 GMT-0800,19.553,19.537000000000003,0.75,1
18.01.2022 06:53:51.263 GMT-0800,19.544,19.526,0.75,1
18.01.2022 06:53:52.795 GMT-0800,19.533,19.517,0.75,1
18.01.2022 06:53:52.996 GMT-0800,19.533,19.507,0.75,1
18.01.2022 06:53:53.047 GMT-0800,19.524,19.506,0.75,1
18.01.2022 06:53:54.676 GMT-0800,19.533,19.517,0.75,1
18.01.2022 06:53:57.212 GMT-0800,19.543,19.527,0.75,1
18.01.2022 06:53:57.564 GMT-0800,19.534000000000002,19.516,0.75,1
18.01.2022 06:54:00.540 GMT-0800,19.543,19.527,0.75,1
18.01.2022 06:54:01.129 GMT-0800,19.533,19.517,0.75,1
18.01.2022 06:54:02.098 GMT-0800,19.524,19.506,0.75,1
18.01.2022 06:54:03.673 GMT-0800,19.534000000000002,19.516,0.75,1
18.01.2022 06:54:05.285 GMT-0800,19.524,19.506,0.75,1
18.01.2022 06:54:09.831 GMT-0800,19.534000000000002,19.516,0.75,0.75
18.01.2022 06:54:09.991 GMT-0800,19.524,19.506,0.75,1
18.01.2022 06:54:10.600 GMT-0800,19.513,19.497,0.75,1
18.01.2022 06:54:12.587 GMT-0800,19.513,19.487000000000002,0.75,1
18.01.2022 06:54:12.637 GMT-0800,19.504,19.486,0.75,1
18.01.2022 06:54:12.738 GMT-0800,19.513,19.497,0.75,1
18.01.2022 06:54:13.658 GMT-0800,19.503,19.487000000000002,0.75,1
18.01.2022 06:54:13.809 GMT-0800,19.504,19.476,0.75,1
18.01.2022 06:54:13.859 GMT-0800,19.504,19.486,0.75,1
18.01.2022 06:54:15.240 GMT-0800,19.513,19.497,0.75,1
18.01.2022 06:54:18.935 GMT-0800,19.523,19.507,0.75,1
18.01.2022 06:54:19.338 GMT-0800,19.513,19.497,0.75,1
18.01.2022 06:54:19.995 GMT-0800,19.523,19.497,0.75,1
18.01.2022 06:54:20.643 GMT-0800,19.514000000000003,19.496,0.75,1
18.01.2022 06:54:25.016 GMT-0800,19.514000000000003,19.506,0,0.0008
18.01.2022 06:54:25.066 GMT-0800,19.524,19.506,0.75,1
18.01.2022 06:54:25.217 GMT-0800,19.533,19.517,0.75,1
18.01.2022 06:54:26.162 GMT-0800,19.523,19.507,0.75,1
18.01.2022 06:54:27.167 GMT-0800,19.514000000000003,19.496,0.75,1
18.01.2022 06:54:31.106 GMT-0800,19.524,19.496,0.75,1
18.01.2022 06:54:31.207 GMT-0800,19.514000000000003,19.496,0.75,1
18.01.2022 06:54:32.064 GMT-0800,19.523,19.497,0.75,1
18.01.2022 06:54:32.164 GMT-0800,19.523,19.507,0.75,1
18.01.2022 06:54:33.180 GMT-0800,19.514000000000003,19.496,0.75,1
18.01.2022 06:54:36.070 GMT-0800,19.504,19.486,0.75,1
18.01.2022 06:54:43.093 GMT-0800,19.514000000000003,19.496,0.75,1
18.01.2022 06:54:44.861 GMT-0800,19.503,19.487000000000002,0.75,1
18.01.2022 06:54:45.164 GMT-0800,19.513,19.497,0.75,1
18.01.2022 06:54:48.230 GMT-0800,19.523,19.507,0.75,1
18.01.2022 06:54:48.331 GMT-0800,19.524,19.496,0.75,1
18.01.2022 06:54:48.382 GMT-0800,19.523,19.507,0.75,1
18.01.2022 06:54:59.607 GMT-0800,19.533,19.517,0.75,1
18.01.2022 06:55:00.290 GMT-0800,19.544,19.526,0.75,1
18.01.2022 06:55:01.181 GMT-0800,19.554000000000002,19.535999999999998,0.75,1
18.01.2022 06:55:03.210 GMT-0800,19.563,19.547,0.75,1
18.01.2022 06:55:03.361 GMT-0800,19.563,19.537000000000003,0.75,1
18.01.2022 06:55:03.412 GMT-0800,19.553,19.537000000000003,0.75,1
18.01.2022 06:55:05.251 GMT-0800,19.543,19.527,0.75,1
18.01.2022 06:55:05.503 GMT-0800,19.554000000000002,19.535999999999998,0.75,1
18.01.2022 06:55:05.704 GMT-0800,19.544,19.526,0.75,1
18.01.2022 06:55:06.272 GMT-0800,19.554000000000002,19.535999999999998,0.75,1
18.01.2022 06:55:09.517 GMT-0800,19.544,19.526,0.75,1
18.01.2022 06:55:09.769 GMT-0800,19.553,19.537000000000003,0.75,1
18.01.2022 06:55:09.906 GMT-0800,19.544,19.526,0.75,1
18.01.2022 06:55:10.168 GMT-0800,19.553,19.537000000000003,0.75,1
18.01.2022 06:55:11.038 GMT-0800,19.564,19.546,0.75,1
18.01.2022 06:55:11.139 GMT-0800,19.553,19.537000000000003,0.75,1
18.01.2022 06:55:11.491 GMT-0800,19.553,19.527,0.75,1
18.01.2022 06:55:11.542 GMT-0800,19.554000000000002,19.535999999999998,0.75,1
18.01.2022 06:55:16.737 GMT-0800,19.544,19.526,0.75,1
18.01.2022 06:55:17.863 GMT-0800,19.554000000000002,19.535999999999998,0.75,1
18.01.2022 06:55:18.265 GMT-0800,19.564,19.546,0.75,1
18.01.2022 06:55:18.462 GMT-0800,19.554000000000002,19.535999999999998,0.75,1
18.01.2022 06:55:22.429 GMT-0800,19.553,19.547,0.0008,0.75
18.01.2022 06:55:22.480 GMT-0800,19.564,19.546,0.75,1
18.01.2022 06:55:23.805 GMT-0800,19.574,19.556,0.75,1
18.01.2022 06:55:24.456 GMT-0800,19.583,19.567,0.75,1
18.01.2022 06:55:25.152 GMT-0800,19.593,19.577,0.75,1
18.01.2022 06:55:25.303 GMT-0800,19.583,19.567,0.75,1
18.01.2022 06:55:25.716 GMT-0800,19.574,19.566,0.0008,0.75
18.01.2022 06:55:25.767 GMT-0800,19.573,19.557000000000002,0.75,1
18.01.2022 06:55:28.709 GMT-0800,19.584,19.566,0.75,1
18.01.2022 06:55:28.812 GMT-0800,19.593,19.577,0.75,1
18.01.2022 06:55:31.320 GMT-0800,19.604000000000003,19.586,0.75,1
18.01.2022 06:55:31.471 GMT-0800,19.593,19.577,0.75,1
18.01.2022 06:55:34.574 GMT-0800,19.584,19.566,0.75,1
18.01.2022 06:55:34.977 GMT-0800,19.573,19.557000000000002,0.75,1
18.01.2022 06:55:35.078 GMT-0800,19.583,19.567,0.75,1
18.01.2022 06:55:35.430 GMT-0800,19.573,19.557000000000002,0.75,1
18.01.2022 06:55:39.958 GMT-0800,19.583,19.567,0.75,1
18.01.2022 06:55:42.882 GMT-0800,19.574,19.556,0.75,1
18.01.2022 06:55:43.033 GMT-0800,19.584,19.566,0.75,1
18.01.2022 06:55:43.284 GMT-0800,19.574,19.556,0.75,1
18.01.2022 06:55:44.473 GMT-0800,19.584,19.566,0.75,1
18.01.2022 06:55:48.611 GMT-0800,19.573,19.557000000000002,0.75,1
18.01.2022 06:55:50.326 GMT-0800,19.583,19.567,0.75,1
18.01.2022 06:55:55.122 GMT-0800,19.594,19.576,0.75,1
18.01.2022 06:55:55.436 GMT-0800,19.604000000000003,19.586,0.75,1
18.01.2022 06:55:57.299 GMT-0800,19.594,19.586,0.0008,0.75
18.01.2022 06:55:57.349 GMT-0800,19.593,19.577,0.75,1
18.01.2022 06:55:59.986 GMT-0800,19.584,19.566,0.75,1
18.01.2022 06:56:00.338 GMT-0800,19.593,19.567,0.75,1
18.01.2022 06:56:00.539 GMT-0800,19.593,19.577,0.75,1
18.01.2022 06:56:00.749 GMT-0800,19.604000000000003,19.586,0.75,1
18.01.2022 06:56:00.998 GMT-0800,19.594,19.576,0.75,1
