Local time,Ask,Bid,AskVolume,BidVolume
11.01.2022 06:30:00.017 GMT-0800,18.734,18.695999999999998,0.75,1
11.01.2022 06:30:00.068 GMT-0800,18.733,18.717000000000002,0.75,1
11.01.2022 06:30:00.644 GMT-0800,18.734,18.695999999999998,0.75,1
11.01.2022 06:30:00.777 GMT-0800,18.724,18.695999999999998,0.75,1
11.01.2022 06:30:00.829 GMT-0800,18.694000000000003,18.666,0.75,1
11.01.2022 06:30:00.933 GMT-0800,18.694000000000003,18.676,0.75,0.0008
11.01.2022 06:30:00.983 GMT-0800,18.683,18.657,0.75,1
11.01.2022 06:30:01.147 GMT-0800,18.674000000000003,18.646,0.75,1
11.01.2022 06:30:01.560 GMT-0800,18.664,18.646,0.75,1
11.01.2022 06:30:01.711 GMT-0800,18.664,18.636,0.75,1
11.01.2022 06:30:02.063 GMT-0800,18.653,18.637,0.75,1
11.01.2022 06:30:02.421 GMT-0800,18.664,18.636,0.75,1
11.01.2022 06:30:02.472 GMT-0800,18.654,18.636,0.75,1
11.01.2022 06:30:02.573 GMT-0800,18.664,18.646,0.75,1
11.01.2022 06:30:02.980 GMT-0800,18.674000000000003,18.646,0.75,1
11.01.2022 06:30:03.190 GMT-0800,18.673,18.657,0.75,1
11.01.2022 06:30:04.292 GMT-0800,18.683,18.667,0.75,1
11.01.2022 06:30:04.342 GMT-0800,18.683,18.657,0.75,1
11.01.2022 06:30:04.861 GMT-0800,18.674000000000003,18.656,0.75,1
11.01.2022 06:30:04.912 GMT-0800,18.684,18.656,0.75,1
11.01.2022 06:30:04.962 GMT-0800,18.684,18.666,0.75,1
11.01.2022 06:30:05.085 GMT-0800,18.684,18.656,0.75,1
11.01.2022 06:30:05.237 GMT-0800,18.683,18.667,0.75,1
11.01.2022 06:30:06.147 GMT-0800,18.674000000000003,18.656,0.75,1
11.01.2022 06:30:06.296 GMT-0800,18.683,18.657,0.75,1
11.01.2022 06:30:06.630 GMT-0800,18.674000000000003,18.656,0.75,1
11.01.2022 06:30:06.782 GMT-0800,18.674000000000003,18.646,0.75,1
11.01.2022 06:30:06.832 GMT-0800,18.664,18.646,0.75,1
11.01.2022 06:30:07.135 GMT-0800,18.673,18.657,0.75,1
11.01.2022 06:30:07.342 GMT-0800,18.684,18.666,0.75,1
11.01.2022 06:30:07.393 GMT-0800,18.693,18.667,0.75,1
11.01.2022 06:30:07.544 GMT-0800,18.683,18.667,0.75,1
11.01.2022 06:30:07.709 GMT-0800,18.694000000000003,18.676,0.75,1
11.01.2022 06:30:07.760 GMT-0800,18.704,18.676,0.75,1
11.01.2022 06:30:07.861 GMT-0800,18.694000000000003,18.676,0.75,1
11.01.2022 06:30:08.042 GMT-0800,18.703,18.677,0.75,1
11.01.2022 06:30:08.093 GMT-0800,18.693,18.677,0.75,1
11.01.2022 06:30:08.402 GMT-0800,18.704,18.676,0.75,1
11.01.2022 06:30:08.503 GMT-0800,18.693,18.677,0.75,1
11.01.2022 06:30:08.604 GMT-0800,18.703,18.677,0.75,1
11.01.2022 06:30:08.949 GMT-0800,18.694000000000003,18.676,0.75,1
11.01.2022 06:30:09.149 GMT-0800,18.704,18.676,0.75,1
11.01.2022 06:30:09.200 GMT-0800,18.693,18.677,0.75,1
11.01.2022 06:30:09.250 GMT-0800,18.704,18.676,0.75,1
11.01.2022 06:30:09.351 GMT-0800,18.694000000000003,18.676,0.75,1
11.01.2022 06:30:09.653 GMT-0800,18.713,18.687,0.75,1
11.01.2022 06:30:09.704 GMT-0800,18.703,18.687,0.75,1
11.01.2022 06:30:09.754 GMT-0800,18.704,18.676,0.75,1
11.01.2022 06:30:09.912 GMT-0800,18.703,18.677,0.75,1
11.01.2022 06:30:10.013 GMT-0800,18.704,18.676,0.75,1
11.01.2022 06:30:10.164 GMT-0800,18.693,18.677,0.75,1
11.01.2022 06:30:10.493 GMT-0800,18.684,18.666,0.75,1
11.01.2022 06:30:10.768 GMT-0800,18.693,18.677,0.75,1
11.01.2022 06:30:10.926 GMT-0800,18.683,18.667,0.75,1
11.01.2022 06:30:11.027 GMT-0800,18.674000000000003,18.656,0.75,1
11.01.2022 06:30:11.458 GMT-0800,18.683,18.667,0.75,1
11.01.2022 06:30:11.559 GMT-0800,18.694000000000003,18.666,0.75,1
11.01.2022 06:30:11.791 GMT-0800,18.683,18.667,0.75,1
11.01.2022 06:30:13.055 GMT-0800,18.693,18.667,0.75,1
11.01.2022 06:30:13.155 GMT-0800,18.684,18.666,0.75,1
11.01.2022 06:30:13.419 GMT-0800,18.694000000000003,18.666,0.75,1
11.01.2022 06:30:13.561 GMT-0800,18.703,18.687,0.75,1
11.01.2022 06:30:13.963 GMT-0800,18.714000000000002,18.695999999999998,0.75,1
11.01.2022 06:30:14.064 GMT-0800,18.724,18.695999999999998,0.75,1
11.01.2022 06:30:14.265 GMT-0800,18.703,18.687,0.75,1
11.01.2022 06:30:14.483 GMT-0800,18.713,18.697,0.75,1
11.01.2022 06:30:14.835 GMT-0800,18.713,18.687,0.75,1
11.01.2022 06:30:14.886 GMT-0800,18.713,18.697,0.75,1
11.01.2022 06:30:15.218 GMT-0800,18.724,18.706,0.75,1
11.01.2022 06:30:16.459 GMT-0800,18.734,18.716,0.75,1
11.01.2022 06:30:17.172 GMT-0800,18.724,18.706,0.75,1
11.01.2022 06:30:17.273 GMT-0800,18.713,18.697,0.75,1
11.01.2022 06:30:17.424 GMT-0800,18.724,18.695999999999998,0.75,1
11.01.2022 06:30:17.475 GMT-0800,18.714000000000002,18.686,0.75,1
11.01.2022 06:30:17.576 GMT-0800,18.714000000000002,18.695999999999998,0.75,1
11.01.2022 06:30:17.686 GMT-0800,18.714000000000002,18.686,0.75,1
11.01.2022 06:30:17.787 GMT-0800,18.713,18.697,0.75,1
11.01.2022 06:30:18.083 GMT-0800,18.724,18.706,0.75,1
11.01.2022 06:30:18.460 GMT-0800,18.724,18.695999999999998,0.75,1
11.01.2022 06:30:18.513 GMT-0800,18.724,18.706,0.75,1
11.01.2022 06:30:18.994 GMT-0800,18.714000000000002,18.695999999999998,0.75,1
11.01.2022 06:30:19.146 GMT-0800,18.723,18.697,0.75,1
11.01.2022 06:30:19.589 GMT-0800,18.733,18.707,0.75,1
11.01.2022 06:30:19.690 GMT-0800,18.733,18.717000000000002,0.75,1
11.01.2022 06:30:20.093 GMT-0800,18.743,18.717000000000002,0.75,1
11.01.2022 06:30:20.144 GMT-0800,18.744,18.726,0.75,1
11.01.2022 06:30:20.590 GMT-0800,18.753,18.727,0.75,1
11.01.2022 06:30:21.074 GMT-0800,18.764000000000003,18.736,0.75,1
11.01.2022 06:30:21.197 GMT-0800,18.764000000000003,18.746,0.75,1
11.01.2022 06:30:21.366 GMT-0800,18.754,18.736,0.75,1
11.01.2022 06:30:21.416 GMT-0800,18.753,18.727,0.75,1
11.01.2022 06:30:21.467 GMT-0800,18.744,18.726,0.75,1
11.01.2022 06:30:21.668 GMT-0800,18.754,18.726,0.75,1
11.01.2022 06:30:22.232 GMT-0800,18.753,18.737000000000002,0.75,0.0003
11.01.2022 06:30:22.558 GMT-0800,18.764000000000003,18.736,0.75,1
11.01.2022 06:30:22.709 GMT-0800,18.753,18.737000000000002,0.75,1
11.01.2022 06:30:22.809 GMT-0800,18.764000000000003,18.736,0.75,1
11.01.2022 06:30:23.176 GMT-0800,18.763,18.747,0.75,1
11.01.2022 06:30:23.461 GMT-0800,18.763,18.737000000000002,0.75,1
11.01.2022 06:30:23.713 GMT-0800,18.754,18.736,0.75,1
11.01.2022 06:30:24.121 GMT-0800,18.754,18.726,0.75,1
11.01.2022 06:30:24.643 GMT-0800,18.753,18.737000000000002,0.75,1
11.01.2022 06:30:25.226 GMT-0800,18.763,18.747,0.75,1
11.01.2022 06:30:26.401 GMT-0800,18.754,18.726,0.75,1
11.01.2022 06:30:26.453 GMT-0800,18.734,18.716,0.75,1
11.01.2022 06:30:26.554 GMT-0800,18.723,18.707,0.75,1
11.01.2022 06:30:26.655 GMT-0800,18.733,18.717000000000002,0.75,1
11.01.2022 06:30:26.756 GMT-0800,18.754,18.726,0.75,1
11.01.2022 06:30:26.806 GMT-0800,18.754,18.736,0.75,1
11.01.2022 06:30:26.857 GMT-0800,18.754,18.726,0.75,1
11.01.2022 06:30:26.958 GMT-0800,18.743,18.727,0.75,1
11.01.2022 06:30:27.142 GMT-0800,18.753,18.737000000000002,0.75,1
11.01.2022 06:30:27.588 GMT-0800,18.764000000000003,18.736,0.75,1
11.01.2022 06:30:27.739 GMT-0800,18.754,18.736,0.75,1
11.01.2022 06:30:29.290 GMT-0800,18.744,18.736,0.75,0.0002
11.01.2022 06:30:29.341 GMT-0800,18.744,18.726,0.75,1
11.01.2022 06:30:29.542 GMT-0800,18.744,18.716,0.75,1
11.01.2022 06:30:29.593 GMT-0800,18.744,18.726,0.75,1
11.01.2022 06:30:30.264 GMT-0800,18.744,18.716,0.75,1
11.01.2022 06:30:30.743 GMT-0800,18.734,18.716,0.0008,1
11.01.2022 06:30:30.843 GMT-0800,18.743,18.717000000000002,0.75,1
11.01.2022 06:30:30.894 GMT-0800,18.733,18.717000000000002,0.75,1
11.01.2022 06:30:31.412 GMT-0800,18.744,18.726,0.75,1
11.01.2022 06:30:32.317 GMT-0800,18.754,18.736,0.75,1
11.01.2022 06:30:32.460 GMT-0800,18.743,18.727,0.75,1
11.01.2022 06:30:32.511 GMT-0800,18.753,18.727,0.75,1
11.01.2022 06:30:32.621 GMT-0800,18.743,18.727,0.75,1
11.01.2022 06:30:33.466 GMT-0800,18.754,18.726,0.75,1
11.01.2022 06:30:33.719 GMT-0800,18.754,18.736,0.75,1
11.01.2022 06:30:34.255 GMT-0800,18.764000000000003,18.736,0.75,1
11.01.2022 06:30:34.356 GMT-0800,18.763,18.747,0.75,1
11.01.2022 06:30:34.712 GMT-0800,18.763,18.737000000000002,0.75,1
11.01.2022 06:30:35.167 GMT-0800,18.764000000000003,18.746,0.75,1
11.01.2022 06:30:36.007 GMT-0800,18.753,18.737000000000002,0.75,1
11.01.2022 06:30:36.108 GMT-0800,18.764000000000003,18.746,0.75,1
11.01.2022 06:30:36.259 GMT-0800,18.773,18.757,0.75,1
11.01.2022 06:30:36.627 GMT-0800,18.773,18.747,0.75,1
11.01.2022 06:30:36.685 GMT-0800,18.773,18.757,0.75,1
11.01.2022 06:30:36.902 GMT-0800,18.774,18.746,0.75,1
11.01.2022 06:30:38.129 GMT-0800,18.774,18.756,0.75,1
11.01.2022 06:30:38.395 GMT-0800,18.763,18.747,0.75,1
11.01.2022 06:30:38.749 GMT-0800,18.753,18.737000000000002,0.75,1
11.01.2022 06:30:38.863 GMT-0800,18.743,18.727,0.75,1
11.01.2022 06:30:39.495 GMT-0800,18.754,18.736,0.75,1
11.01.2022 06:30:39.616 GMT-0800,18.753,18.727,0.75,1
11.01.2022 06:30:39.717 GMT-0800,18.754,18.736,0.75,1
11.01.2022 06:30:40.064 GMT-0800,18.754,18.726,0.75,1
11.01.2022 06:30:40.310 GMT-0800,18.753,18.737000000000002,0.75,0.0002
11.01.2022 06:30:40.513 GMT-0800,18.753,18.727,0.75,1
11.01.2022 06:30:40.564 GMT-0800,18.754,18.736,0.75,1
11.01.2022 06:30:40.751 GMT-0800,18.753,18.727,0.75,1
11.01.2022 06:30:40.851 GMT-0800,18.754,18.736,0.75,1
11.01.2022 06:30:41.468 GMT-0800,18.753,18.727,0.75,1
11.01.2022 06:30:41.519 GMT-0800,18.753,18.737000000000002,0.75,1
11.01.2022 06:30:41.778 GMT-0800,18.763,18.747,0.75,1
11.01.2022 06:30:42.824 GMT-0800,18.773,18.757,0.75,1
11.01.2022 06:30:45.274 GMT-0800,18.774,18.746,0.75,1
11.01.2022 06:30:45.345 GMT-0800,18.764000000000003,18.746,0.75,1
11.01.2022 06:30:46.808 GMT-0800,18.763,18.737000000000002,0.75,1
11.01.2022 06:30:46.858 GMT-0800,18.763,18.747,0.75,1
11.01.2022 06:30:49.184 GMT-0800,18.774,18.756,0.75,1
11.01.2022 06:30:50.644 GMT-0800,18.773,18.747,0.75,1
11.01.2022 06:30:50.808 GMT-0800,18.774,18.756,0.75,0.0002
11.01.2022 06:30:51.110 GMT-0800,18.784000000000002,18.766,0.75,1
11.01.2022 06:30:51.412 GMT-0800,18.774,18.756,0.75,1
11.01.2022 06:30:52.400 GMT-0800,18.783,18.767,0.75,1
11.01.2022 06:30:53.397 GMT-0800,18.774,18.756,0.75,1
11.01.2022 06:30:55.573 GMT-0800,18.783,18.767,0.75,1
11.01.2022 06:30:57.218 GMT-0800,18.773,18.757,0.75,1
11.01.2022 06:30:57.751 GMT-0800,18.784000000000002,18.756,0.75,1
11.01.2022 06:30:58.416 GMT-0800,18.774,18.756,0.75,1
11.01.2022 06:30:58.618 GMT-0800,18.784000000000002,18.756,0.75,1
11.01.2022 06:30:58.826 GMT-0800,18.784000000000002,18.766,0.75,1
11.01.2022 06:30:59.880 GMT-0800,18.794,18.766,0.75,1
11.01.2022 06:30:59.995 GMT-0800,18.794,18.776,0.75,1
11.01.2022 06:31:00.128 GMT-0800,18.784000000000002,18.766,0.75,1
11.01.2022 06:31:01.009 GMT-0800,18.794,18.776,0.75,1
11.01.2022 06:31:01.059 GMT-0800,18.794,18.766,0.75,1
11.01.2022 06:31:01.204 GMT-0800,18.794,18.776,0.75,0.0003
11.01.2022 06:31:01.254 GMT-0800,18.794,18.766,0.75,1
11.01.2022 06:31:01.712 GMT-0800,18.793,18.777,0.75,0.0003
11.01.2022 06:31:02.244 GMT-0800,18.804000000000002,18.785999999999998,0.75,1
11.01.2022 06:31:03.264 GMT-0800,18.813,18.797,0.75,1
11.01.2022 06:31:04.186 GMT-0800,18.824,18.796,0.75,1
11.01.2022 06:31:04.286 GMT-0800,18.823,18.807000000000002,0.75,1
11.01.2022 06:31:04.488 GMT-0800,18.814,18.796,0.75,1
11.01.2022 06:31:04.640 GMT-0800,18.804000000000002,18.785999999999998,0.75,1
11.01.2022 06:31:05.000 GMT-0800,18.814,18.785999999999998,0.75,1
11.01.2022 06:31:05.051 GMT-0800,18.814,18.796,0.75,1
11.01.2022 06:31:05.202 GMT-0800,18.803,18.787000000000003,0.75,1
11.01.2022 06:31:05.906 GMT-0800,18.813,18.787000000000003,0.75,1
11.01.2022 06:31:06.180 GMT-0800,18.814,18.796,0.75,1
11.01.2022 06:31:06.381 GMT-0800,18.803,18.787000000000003,0.75,1
11.01.2022 06:31:07.124 GMT-0800,18.814,18.796,0.75,1
11.01.2022 06:31:07.426 GMT-0800,18.803,18.787000000000003,0.75,1
11.01.2022 06:31:07.581 GMT-0800,18.813,18.787000000000003,0.75,1
11.01.2022 06:31:07.732 GMT-0800,18.813,18.797,0.75,1
11.01.2022 06:31:07.833 GMT-0800,18.824,18.796,0.75,1
11.01.2022 06:31:07.934 GMT-0800,18.813,18.797,0.75,1
11.01.2022 06:31:08.256 GMT-0800,18.824,18.796,0.75,1
11.01.2022 06:31:08.306 GMT-0800,18.823,18.807000000000002,0.75,1
11.01.2022 06:31:08.407 GMT-0800,18.813,18.797,0.75,1
11.01.2022 06:31:08.766 GMT-0800,18.824,18.796,0.75,1
11.01.2022 06:31:08.917 GMT-0800,18.824,18.806,0.75,1
11.01.2022 06:31:09.331 GMT-0800,18.824,18.796,0.75,1
11.01.2022 06:31:09.432 GMT-0800,18.823,18.807000000000002,0.75,1
11.01.2022 06:31:09.691 GMT-0800,18.814,18.796,0.75,1
11.01.2022 06:31:10.507 GMT-0800,18.824,18.796,0.75,1
11.01.2022 06:31:10.557 GMT-0800,18.824,18.806,0.75,1
11.01.2022 06:31:10.723 GMT-0800,18.824,18.796,0.75,1
11.01.2022 06:31:10.874 GMT-0800,18.813,18.797,0.75,1
11.01.2022 06:31:10.975 GMT-0800,18.803,18.787000000000003,0.75,1
11.01.2022 06:31:11.916 GMT-0800,18.814,18.796,0.75,1
11.01.2022 06:31:12.218 GMT-0800,18.814,18.785999999999998,0.75,1
11.01.2022 06:31:12.376 GMT-0800,18.803,18.787000000000003,0.75,1
11.01.2022 06:31:13.944 GMT-0800,18.814,18.785999999999998,0.75,1
11.01.2022 06:31:14.195 GMT-0800,18.814,18.796,0.75,1
11.01.2022 06:31:14.346 GMT-0800,18.824,18.806,0.75,1
11.01.2022 06:31:14.397 GMT-0800,18.823,18.797,0.75,1
11.01.2022 06:31:14.447 GMT-0800,18.814,18.796,0.75,1
11.01.2022 06:31:14.498 GMT-0800,18.823,18.797,0.75,1
11.01.2022 06:31:14.766 GMT-0800,18.813,18.797,0.75,1
11.01.2022 06:31:15.025 GMT-0800,18.814,18.806,0.75,0.0002
11.01.2022 06:31:15.075 GMT-0800,18.823,18.807000000000002,0.75,1
11.01.2022 06:31:15.610 GMT-0800,18.813,18.797,0.75,1
11.01.2022 06:31:16.694 GMT-0800,18.824,18.806,0.75,1
11.01.2022 06:31:17.285 GMT-0800,18.834,18.816,0.75,1
11.01.2022 06:31:17.476 GMT-0800,18.843,18.817,0.75,1
11.01.2022 06:31:17.527 GMT-0800,18.853,18.827,0.75,1
11.01.2022 06:31:17.628 GMT-0800,18.843,18.817,0.75,1
11.01.2022 06:31:17.729 GMT-0800,18.844,18.826,0.75,1
11.01.2022 06:31:18.045 GMT-0800,18.854000000000003,18.826,0.75,1
11.01.2022 06:31:18.095 GMT-0800,18.853,18.837,0.75,1
11.01.2022 06:31:18.198 GMT-0800,18.843,18.837,0.75,0.0002
11.01.2022 06:31:18.249 GMT-0800,18.843,18.827,0.75,1
11.01.2022 06:31:18.706 GMT-0800,18.853,18.827,0.75,1
11.01.2022 06:31:18.910 GMT-0800,18.843,18.827,0.0008,1
11.01.2022 06:31:19.213 GMT-0800,18.834,18.816,0.75,1
11.01.2022 06:31:20.217 GMT-0800,18.843,18.817,0.75,1
11.01.2022 06:31:20.368 GMT-0800,18.833,18.817,0.75,1
11.01.2022 06:31:21.005 GMT-0800,18.844,18.826,0.75,1
11.01.2022 06:31:21.055 GMT-0800,18.844,18.816,0.75,1
11.01.2022 06:31:21.419 GMT-0800,18.844,18.826,0.75,1
11.01.2022 06:31:22.076 GMT-0800,18.853,18.827,0.75,1
11.01.2022 06:31:22.127 GMT-0800,18.854000000000003,18.836,0.75,1
11.01.2022 06:31:22.228 GMT-0800,18.853,18.827,0.75,1
11.01.2022 06:31:22.329 GMT-0800,18.853,18.837,0.75,1
11.01.2022 06:31:22.480 GMT-0800,18.843,18.827,0.75,1
11.01.2022 06:31:23.429 GMT-0800,18.843,18.817,0.75,1
11.01.2022 06:31:23.521 GMT-0800,18.833,18.817,0.75,1
11.01.2022 06:31:23.823 GMT-0800,18.834,18.806,0.75,1
11.01.2022 06:31:24.112 GMT-0800,18.833,18.817,0.75,1
11.01.2022 06:31:24.579 GMT-0800,18.833,18.807000000000002,0.75,1
11.01.2022 06:31:24.750 GMT-0800,18.823,18.807000000000002,0.75,1
11.01.2022 06:31:25.051 GMT-0800,18.834,18.816,0.75,1
11.01.2022 06:31:25.152 GMT-0800,18.844,18.826,0.75,1
11.01.2022 06:31:25.562 GMT-0800,18.844,18.816,0.75,1
11.01.2022 06:31:25.726 GMT-0800,18.843,18.827,0.75,1
11.01.2022 06:31:26.071 GMT-0800,18.833,18.817,0.75,1
11.01.2022 06:31:27.289 GMT-0800,18.833,18.827,0.75,0.0002
11.01.2022 06:31:27.339 GMT-0800,18.843,18.827,0.75,1
11.01.2022 06:31:27.483 GMT-0800,18.844,18.816,0.75,1
11.01.2022 06:31:27.686 GMT-0800,18.833,18.817,0.75,1
11.01.2022 06:31:28.052 GMT-0800,18.824,18.806,0.75,1
11.01.2022 06:31:29.285 GMT-0800,18.814,18.796,0.75,1
11.01.2022 06:31:30.799 GMT-0800,18.814,18.785999999999998,0.75,1
11.01.2022 06:31:30.850 GMT-0800,18.804000000000002,18.785999999999998,0.75,1
11.01.2022 06:31:31.001 GMT-0800,18.803,18.777,0.75,1
11.01.2022 06:31:31.051 GMT-0800,18.793,18.777,0.75,1
11.01.2022 06:31:31.305 GMT-0800,18.783,18.767,0.75,1
11.01.2022 06:31:31.406 GMT-0800,18.774,18.756,0.75,1
11.01.2022 06:31:31.456 GMT-0800,18.783,18.757,0.75,1
11.01.2022 06:31:31.557 GMT-0800,18.783,18.767,0.75,1
11.01.2022 06:31:31.658 GMT-0800,18.793,18.777,0.75,1
11.01.2022 06:31:32.819 GMT-0800,18.803,18.777,0.75,1
11.01.2022 06:31:32.870 GMT-0800,18.804000000000002,18.785999999999998,0.75,1
11.01.2022 06:31:32.990 GMT-0800,18.793,18.777,0.75,1
11.01.2022 06:31:33.230 GMT-0800,18.794,18.766,0.75,1
11.01.2022 06:31:33.280 GMT-0800,18.783,18.767,0.75,1
11.01.2022 06:31:33.431 GMT-0800,18.794,18.766,0.75,1
11.01.2022 06:31:33.482 GMT-0800,18.784000000000002,18.766,0.75,1
11.01.2022 06:31:34.871 GMT-0800,18.793,18.777,0.75,1
11.01.2022 06:31:35.228 GMT-0800,18.803,18.787000000000003,0.75,1
11.01.2022 06:31:35.379 GMT-0800,18.803,18.777,0.75,1
11.01.2022 06:31:35.533 GMT-0800,18.804000000000002,18.785999999999998,0.75,1
11.01.2022 06:31:35.974 GMT-0800,18.803,18.777,0.75,1
11.01.2022 06:31:36.025 GMT-0800,18.793,18.777,0.75,1
11.01.2022 06:31:37.643 GMT-0800,18.784000000000002,18.766,0.75,1
11.01.2022 06:31:37.748 GMT-0800,18.774,18.756,0.75,1
11.01.2022 06:31:37.908 GMT-0800,18.784000000000002,18.766,0.75,1
11.01.2022 06:31:38.679 GMT-0800,18.774,18.756,0.75,1
11.01.2022 06:31:39.037 GMT-0800,18.783,18.757,0.75,1
11.01.2022 06:31:39.243 GMT-0800,18.774,18.756,0.75,1
11.01.2022 06:31:39.648 GMT-0800,18.784000000000002,18.766,0.75,1
11.01.2022 06:31:39.799 GMT-0800,18.774,18.756,0.75,1
11.01.2022 06:31:39.899 GMT-0800,18.784000000000002,18.756,0.75,1
11.01.2022 06:31:39.950 GMT-0800,18.783,18.767,0.75,1
11.01.2022 06:31:40.985 GMT-0800,18.793,18.777,0.75,1
11.01.2022 06:31:42.848 GMT-0800,18.793,18.767,0.75,1
11.01.2022 06:31:42.950 GMT-0800,18.784000000000002,18.766,0.75,1
11.01.2022 06:31:44.357 GMT-0800,18.784000000000002,18.756,0.75,1
11.01.2022 06:31:44.724 GMT-0800,18.783,18.767,0.75,1
11.01.2022 06:31:44.940 GMT-0800,18.793,18.767,0.75,1
11.01.2022 06:31:45.040 GMT-0800,18.794,18.776,0.75,1
11.01.2022 06:31:45.649 GMT-0800,18.793,18.787000000000003,0.0008,0.0003
11.01.2022 06:31:45.700 GMT-0800,18.804000000000002,18.785999999999998,0.75,1
11.01.2022 06:31:46.532 GMT-0800,18.803,18.777,0.75,1
11.01.2022 06:31:46.582 GMT-0800,18.793,18.777,0.75,1
11.01.2022 06:31:47.197 GMT-0800,18.803,18.777,0.75,1
11.01.2022 06:31:47.921 GMT-0800,18.793,18.777,0.0008,1
11.01.2022 06:31:48.123 GMT-0800,18.804000000000002,18.776,0.75,1
11.01.2022 06:31:48.602 GMT-0800,18.794,18.776,0.75,1
11.01.2022 06:31:49.105 GMT-0800,18.804000000000002,18.785999999999998,0.75,1
11.01.2022 06:31:50.393 GMT-0800,18.803,18.777,0.75,1
11.01.2022 06:31:50.444 GMT-0800,18.804000000000002,18.785999999999998,0.75,1
11.01.2022 06:31:51.530 GMT-0800,18.813,18.797,0.75,1
11.01.2022 06:31:51.631 GMT-0800,18.803,18.787000000000003,0.75,1
11.01.2022 06:31:51.983 GMT-0800,18.793,18.777,0.75,1
11.01.2022 06:31:53.003 GMT-0800,18.793,18.767,0.75,1
11.01.2022 06:31:53.103 GMT-0800,18.783,18.767,0.75,1
11.01.2022 06:31:53.204 GMT-0800,18.773,18.757,0.75,1
11.01.2022 06:31:53.305 GMT-0800,18.763,18.747,0.75,1
11.01.2022 06:31:53.607 GMT-0800,18.773,18.757,0.75,1
11.01.2022 06:31:54.803 GMT-0800,18.784000000000002,18.766,0.75,1
11.01.2022 06:31:55.108 GMT-0800,18.793,18.767,0.75,1
11.01.2022 06:31:55.492 GMT-0800,18.793,18.777,0.75,1
11.01.2022 06:31:57.028 GMT-0800,18.803,18.777,0.75,1
11.01.2022 06:31:57.078 GMT-0800,18.803,18.787000000000003,0.75,1
11.01.2022 06:31:58.703 GMT-0800,18.804000000000002,18.776,0.75,1
11.01.2022 06:31:58.997 GMT-0800,18.803,18.787000000000003,0.75,1
11.01.2022 06:32:01.115 GMT-0800,18.804000000000002,18.796,0.0008,0.0003
11.01.2022 06:32:01.166 GMT-0800,18.824,18.806,0.75,0.0002
11.01.2022 06:32:01.633 GMT-0800,18.834,18.806,0.75,1
11.01.2022 06:32:01.684 GMT-0800,18.824,18.806,0.75,1
11.01.2022 06:32:02.118 GMT-0800,18.833,18.817,0.75,1
11.01.2022 06:32:02.168 GMT-0800,18.834,18.806,0.75,1
11.01.2022 06:32:02.219 GMT-0800,18.823,18.807000000000002,0.75,1
11.01.2022 06:32:02.513 GMT-0800,18.833,18.807000000000002,0.75,1
11.01.2022 06:32:02.699 GMT-0800,18.833,18.817,0.75,1
11.01.2022 06:32:02.750 GMT-0800,18.843,18.817,0.75,1
11.01.2022 06:32:02.934 GMT-0800,18.833,18.817,0.75,1
11.01.2022 06:32:03.035 GMT-0800,18.823,18.807000000000002,0.75,1
11.01.2022 06:32:04.255 GMT-0800,18.814,18.796,0.75,1
11.01.2022 06:32:04.355 GMT-0800,18.823,18.797,0.75,1
11.01.2022 06:32:04.406 GMT-0800,18.814,18.785999999999998,0.75,1
11.01.2022 06:32:04.507 GMT-0800,18.794,18.776,0.75,1
11.01.2022 06:32:04.608 GMT-0800,18.784000000000002,18.766,0.75,1
11.01.2022 06:32:05.127 GMT-0800,18.773,18.757,0.75,1
11.01.2022 06:32:05.260 GMT-0800,18.783,18.767,0.75,1
11.01.2022 06:32:05.900 GMT-0800,18.784000000000002,18.756,0.75,1
11.01.2022 06:32:05.950 GMT-0800,18.773,18.757,0.75,1
11.01.2022 06:32:06.432 GMT-0800,18.774,18.766,0.0008,0.0003
11.01.2022 06:32:06.483 GMT-0800,18.783,18.767,0.75,1
11.01.2022 06:32:07.613 GMT-0800,18.773,18.757,0.75,1
11.01.2022 06:32:08.271 GMT-0800,18.763,18.747,0.75,1
11.01.2022 06:32:08.372 GMT-0800,18.773,18.757,0.75,1
11.01.2022 06:32:08.698 GMT-0800,18.784000000000002,18.766,0.75,1
11.01.2022 06:32:08.849 GMT-0800,18.794,18.776,0.75,1
11.01.2022 06:32:08.994 GMT-0800,18.803,18.777,0.75,1
11.01.2022 06:32:09.044 GMT-0800,18.804000000000002,18.785999999999998,0.75,1
11.01.2022 06:32:09.265 GMT-0800,18.794,18.776,0.75,1
11.01.2022 06:32:13.456 GMT-0800,18.784000000000002,18.766,0.75,1
11.01.2022 06:32:13.557 GMT-0800,18.773,18.747,0.75,1
11.01.2022 06:32:13.607 GMT-0800,18.764000000000003,18.746,0.75,1
11.01.2022 06:32:13.758 GMT-0800,18.773,18.757,0.75,1
11.01.2022 06:32:14.032 GMT-0800,18.783,18.757,0.75,1
11.01.2022 06:32:14.082 GMT-0800,18.774,18.756,0.75,1
11.01.2022 06:32:21.509 GMT-0800,18.784000000000002,18.766,0.75,1
11.01.2022 06:32:23.499 GMT-0800,18.794,18.776,0.75,1
11.01.2022 06:32:23.750 GMT-0800,18.784000000000002,18.766,0.75,1
11.01.2022 06:32:24.438 GMT-0800,18.783,18.777,0.0008,0.0003
11.01.2022 06:32:24.488 GMT-0800,18.794,18.776,0.75,1
11.01.2022 06:32:24.817 GMT-0800,18.784000000000002,18.766,0.75,1
11.01.2022 06:32:25.586 GMT-0800,18.774,18.766,0.0008,0.0003
11.01.2022 06:32:25.640 GMT-0800,18.773,18.757,0.75,1
11.01.2022 06:32:27.100 GMT-0800,18.764000000000003,18.746,0.75,1
11.01.2022 06:32:28.156 GMT-0800,18.754,18.736,0.75,1
11.01.2022 06:32:29.006 GMT-0800,18.743,18.727,0.75,1
11.01.2022 06:32:30.101 GMT-0800,18.753,18.737000000000002,0.75,1
11.01.2022 06:32:31.160 GMT-0800,18.743,18.727,0.75,1
11.01.2022 06:32:33.074 GMT-0800,18.744,18.736,0.75,0.0002
11.01.2022 06:32:33.124 GMT-0800,18.754,18.736,0.75,1
11.01.2022 06:32:34.555 GMT-0800,18.763,18.747,0.75,1
11.01.2022 06:32:34.807 GMT-0800,18.754,18.736,0.75,1
11.01.2022 06:32:37.791 GMT-0800,18.763,18.747,0.75,1
11.01.2022 06:32:39.816 GMT-0800,18.764000000000003,18.736,0.75,1
11.01.2022 06:32:39.866 GMT-0800,18.753,18.737000000000002,0.75,1
11.01.2022 06:32:39.967 GMT-0800,18.764000000000003,18.746,0.75,1
11.01.2022 06:32:41.110 GMT-0800,18.774,18.756,0.75,1
11.01.2022 06:32:41.310 GMT-0800,18.784000000000002,18.766,0.75,1
11.01.2022 06:32:41.599 GMT-0800,18.793,18.777,0.75,1
11.01.2022 06:32:44.809 GMT-0800,18.803,18.777,0.75,1
11.01.2022 06:32:45.718 GMT-0800,18.793,18.777,0.75,1
11.01.2022 06:32:46.744 GMT-0800,18.793,18.787000000000003,0.75,0.0002
11.01.2022 06:32:46.795 GMT-0800,18.803,18.787000000000003,0.75,1
11.01.2022 06:32:47.907 GMT-0800,18.793,18.777,0.75,1
11.01.2022 06:32:48.321 GMT-0800,18.793,18.767,0.75,1
11.01.2022 06:32:48.371 GMT-0800,18.783,18.767,0.75,1
11.01.2022 06:32:48.482 GMT-0800,18.774,18.756,0.75,1
11.01.2022 06:32:48.733 GMT-0800,18.784000000000002,18.766,0.75,1
11.01.2022 06:32:50.388 GMT-0800,18.784000000000002,18.746,0.75,1
11.01.2022 06:32:50.439 GMT-0800,18.773,18.747,0.75,1
11.01.2022 06:32:50.564 GMT-0800,18.753,18.737000000000002,0.75,1
11.01.2022 06:32:50.836 GMT-0800,18.774,18.756,0.75,1
11.01.2022 06:32:51.134 GMT-0800,18.773,18.747,0.75,1
11.01.2022 06:32:51.185 GMT-0800,18.763,18.747,0.75,1
11.01.2022 06:32:52.258 GMT-0800,18.753,18.737000000000002,0.75,1
11.01.2022 06:32:52.510 GMT-0800,18.743,18.727,0.75,1
11.01.2022 06:33:00.133 GMT-0800,18.753,18.737000000000002,0.75,1
11.01.2022 06:33:00.285 GMT-0800,18.763,18.747,0.75,1
11.01.2022 06:33:00.386 GMT-0800,18.753,18.747,0.0008,0.0003
11.01.2022 06:33:00.437 GMT-0800,18.754,18.736,0.75,1
11.01.2022 06:33:00.537 GMT-0800,18.744,18.726,0.75,1
11.01.2022 06:33:01.473 GMT-0800,18.753,18.727,0.75,1
11.01.2022 06:33:01.524 GMT-0800,18.744,18.726,0.75,1
11.01.2022 06:33:01.625 GMT-0800,18.754,18.736,0.75,0.0003
11.01.2022 06:33:02.369 GMT-0800,18.764000000000003,18.746,0.75,1
11.01.2022 06:33:04.538 GMT-0800,18.773,18.747,0.75,1
11.01.2022 06:33:04.739 GMT-0800,18.773,18.757,0.75,1
11.01.2022 06:33:05.295 GMT-0800,18.763,18.747,0.75,1
11.01.2022 06:33:05.728 GMT-0800,18.753,18.737000000000002,0.75,1
11.01.2022 06:33:10.775 GMT-0800,18.744,18.726,0.75,1
11.01.2022 06:33:12.479 GMT-0800,18.734,18.716,0.75,1
11.01.2022 06:33:13.130 GMT-0800,18.734,18.726,0.0008,0.0003
11.01.2022 06:33:13.181 GMT-0800,18.743,18.727,0.75,1
11.01.2022 06:33:13.878 GMT-0800,18.754,18.736,0.75,1
11.01.2022 06:33:13.979 GMT-0800,18.763,18.747,0.75,1
11.01.2022 06:33:14.230 GMT-0800,18.774,18.756,0.75,1
11.01.2022 06:33:15.134 GMT-0800,18.784000000000002,18.766,0.75,1
11.01.2022 06:33:17.149 GMT-0800,18.793,18.777,0.75,1
11.01.2022 06:33:19.980 GMT-0800,18.794,18.766,0.75,1
11.01.2022 06:33:20.031 GMT-0800,18.783,18.767,0.75,1
11.01.2022 06:33:22.931 GMT-0800,18.774,18.756,0.75,1
11.01.2022 06:33:24.076 GMT-0800,18.784000000000002,18.766,0.75,1
11.01.2022 06:33:24.177 GMT-0800,18.794,18.766,0.75,1
11.01.2022 06:33:24.291 GMT-0800,18.784000000000002,18.766,0.75,1
11.01.2022 06:33:27.344 GMT-0800,18.773,18.757,0.75,1
11.01.2022 06:33:27.660 GMT-0800,18.763,18.747,0.75,1
11.01.2022 06:33:27.811 GMT-0800,18.754,18.736,0.75,1
11.01.2022 06:33:28.454 GMT-0800,18.743,18.727,0.75,1
11.01.2022 06:33:29.168 GMT-0800,18.754,18.736,0.75,1
11.01.2022 06:33:29.549 GMT-0800,18.744,18.726,0.75,1
11.01.2022 06:33:30.302 GMT-0800,18.754,18.736,0.75,1
11.01.2022 06:33:31.029 GMT-0800,18.763,18.737000000000002,0.75,1
11.01.2022 06:33:31.182 GMT-0800,18.764000000000003,18.746,0.75,1
11.01.2022 06:33:31.788 GMT-0800,18.753,18.737000000000002,0.75,1
11.01.2022 06:33:34.269 GMT-0800,18.744,18.726,0.75,1
11.01.2022 06:33:35.288 GMT-0800,18.754,18.726,0.75,1
11.01.2022 06:33:35.339 GMT-0800,18.753,18.737000000000002,0.75,1
11.01.2022 06:33:36.845 GMT-0800,18.764000000000003,18.746,0.75,1
11.01.2022 06:33:37.073 GMT-0800,18.774,18.756,0.75,1
11.01.2022 06:33:37.422 GMT-0800,18.783,18.757,0.75,1
11.01.2022 06:33:37.573 GMT-0800,18.784000000000002,18.766,0.75,1
11.01.2022 06:33:46.428 GMT-0800,18.783,18.777,0.0008,0.0003
11.01.2022 06:33:46.479 GMT-0800,18.794,18.776,0.75,1
11.01.2022 06:33:46.665 GMT-0800,18.804000000000002,18.785999999999998,0.75,1
11.01.2022 06:33:48.719 GMT-0800,18.794,18.776,0.75,1
11.01.2022 06:33:48.960 GMT-0800,18.803,18.777,0.75,1
11.01.2022 06:33:49.011 GMT-0800,18.793,18.777,0.0008,1
11.01.2022 06:33:49.397 GMT-0800,18.803,18.777,0.75,1
11.01.2022 06:33:49.447 GMT-0800,18.794,18.776,0.75,1
11.01.2022 06:33:49.649 GMT-0800,18.784000000000002,18.766,0.75,1
11.01.2022 06:33:49.800 GMT-0800,18.793,18.777,0.75,1
11.01.2022 06:33:50.555 GMT-0800,18.783,18.767,0.75,1
11.01.2022 06:33:52.351 GMT-0800,18.764000000000003,18.746,0.75,1
11.01.2022 06:33:53.194 GMT-0800,18.763,18.757,0.75,0.0002
11.01.2022 06:33:53.245 GMT-0800,18.774,18.756,0.75,1
11.01.2022 06:33:54.108 GMT-0800,18.783,18.767,0.75,1
11.01.2022 06:33:54.768 GMT-0800,18.793,18.777,0.75,1
11.01.2022 06:33:55.620 GMT-0800,18.804000000000002,18.785999999999998,0.75,1
11.01.2022 06:33:57.424 GMT-0800,18.813,18.797,0.75,1
11.01.2022 06:33:59.201 GMT-0800,18.814,18.785999999999998,0.75,1
11.01.2022 06:33:59.352 GMT-0800,18.813,18.797,0.75,1
11.01.2022 06:34:00.297 GMT-0800,18.803,18.787000000000003,0.75,1
11.01.2022 06:34:02.344 GMT-0800,18.793,18.777,0.75,1
11.01.2022 06:34:03.596 GMT-0800,18.804000000000002,18.785999999999998,0.75,1
11.01.2022 06:34:04.585 GMT-0800,18.814,18.796,0.75,1
11.01.2022 06:34:04.764 GMT-0800,18.804000000000002,18.785999999999998,0.75,1
11.01.2022 06:34:05.116 GMT-0800,18.813,18.787000000000003,0.75,1
11.01.2022 06:34:05.167 GMT-0800,18.804000000000002,18.785999999999998,0.75,1
11.01.2022 06:34:05.267 GMT-0800,18.813,18.787000000000003,0.75,1
11.01.2022 06:34:05.318 GMT-0800,18.804000000000002,18.785999999999998,0.75,1
11.01.2022 06:34:05.469 GMT-0800,18.814,18.785999999999998,0.75,1
11.01.2022 06:34:05.570 GMT-0800,18.814,18.796,0.75,1
11.01.2022 06:34:06.171 GMT-0800,18.823,18.807000000000002,0.75,1
11.01.2022 06:34:06.272 GMT-0800,18.834,18.816,0.75,1
11.01.2022 06:34:06.323 GMT-0800,18.833,18.807000000000002,0.75,1
11.01.2022 06:34:06.424 GMT-0800,18.834,18.816,0.75,1
11.01.2022 06:34:07.356 GMT-0800,18.843,18.827,0.75,1
11.01.2022 06:34:08.794 GMT-0800,18.853,18.837,0.75,1
11.01.2022 06:34:09.032 GMT-0800,18.844,18.826,0.75,1
11.01.2022 06:34:09.481 GMT-0800,18.844,18.816,0.75,1
11.01.2022 06:34:09.532 GMT-0800,18.833,18.817,0.75,1
11.01.2022 06:34:10.066 GMT-0800,18.823,18.807000000000002,0.75,1
11.01.2022 06:34:10.217 GMT-0800,18.813,18.797,0.75,1
11.01.2022 06:34:11.344 GMT-0800,18.804000000000002,18.785999999999998,0.75,1
11.01.2022 06:34:11.495 GMT-0800,18.814,18.796,0.75,1
11.01.2022 06:34:11.888 GMT-0800,18.803,18.787000000000003,0.75,1
11.01.2022 06:34:14.559 GMT-0800,18.794,18.776,0.75,1
11.01.2022 06:34:18.587 GMT-0800,18.793,18.787000000000003,0.75,0.0002
11.01.2022 06:34:18.637 GMT-0800,18.803,18.787000000000003,0.75,1
11.01.2022 06:34:19.039 GMT-0800,18.813,18.797,0.75,1
11.01.2022 06:34:19.520 GMT-0800,18.823,18.807000000000002,0.75,1
11.01.2022 06:34:21.273 GMT-0800,18.833,18.817,0.75,1
11.01.2022 06:34:22.033 GMT-0800,18.823,18.807000000000002,0.75,1
11.01.2022 06:34:23.424 GMT-0800,18.814,18.796,0.75,1
11.01.2022 06:34:23.676 GMT-0800,18.823,18.807000000000002,0.75,1
11.01.2022 06:34:25.907 GMT-0800,18.823,18.797,0.75,1
11.01.2022 06:34:25.957 GMT-0800,18.824,18.806,0.75,1
11.01.2022 06:34:26.109 GMT-0800,18.823,18.797,0.75,1
11.01.2022 06:34:26.574 GMT-0800,18.813,18.797,0.75,1
11.01.2022 06:34:26.786 GMT-0800,18.804000000000002,18.785999999999998,0.75,1
11.01.2022 06:34:27.069 GMT-0800,18.803,18.797,0.0008,0.0003
11.01.2022 06:34:27.120 GMT-0800,18.814,18.796,0.75,1
11.01.2022 06:34:27.871 GMT-0800,18.814,18.785999999999998,0.75,1
11.01.2022 06:34:28.109 GMT-0800,18.803,18.787000000000003,0.0008,1
11.01.2022 06:34:28.666 GMT-0800,18.814,18.785999999999998,0.75,1
11.01.2022 06:34:28.716 GMT-0800,18.814,18.796,0.75,1
11.01.2022 06:34:30.107 GMT-0800,18.804000000000002,18.785999999999998,0.75,1
11.01.2022 06:34:30.667 GMT-0800,18.814,18.796,0.75,1
11.01.2022 06:34:33.097 GMT-0800,18.804000000000002,18.785999999999998,0.75,1
11.01.2022 06:34:34.501 GMT-0800,18.814,18.796,0.75,1
11.01.2022 06:34:34.652 GMT-0800,18.804000000000002,18.785999999999998,0.75,1
11.01.2022 06:34:34.855 GMT-0800,18.813,18.797,0.75,1
11.01.2022 06:34:35.877 GMT-0800,18.823,18.797,0.75,1
11.01.2022 06:34:36.070 GMT-0800,18.823,18.807000000000002,0.75,0.0002
11.01.2022 06:34:36.171 GMT-0800,18.833,18.807000000000002,0.75,1
11.01.2022 06:34:36.221 GMT-0800,18.833,18.817,0.75,1
11.01.2022 06:34:36.792 GMT-0800,18.854000000000003,18.836,0.75,1
11.01.2022 06:34:37.781 GMT-0800,18.853,18.827,0.75,1
11.01.2022 06:34:37.831 GMT-0800,18.844,18.826,0.75,1
11.01.2022 06:34:38.446 GMT-0800,18.854000000000003,18.826,0.75,1
11.01.2022 06:34:38.496 GMT-0800,18.853,18.837,0.75,1
11.01.2022 06:34:39.718 GMT-0800,18.844,18.826,0.75,1
11.01.2022 06:34:40.376 GMT-0800,18.853,18.827,0.75,1
11.01.2022 06:34:40.426 GMT-0800,18.854000000000003,18.836,0.75,1
11.01.2022 06:34:40.772 GMT-0800,18.853,18.827,0.75,1
11.01.2022 06:34:40.823 GMT-0800,18.853,18.837,0.75,1
11.01.2022 06:34:42.309 GMT-0800,18.864,18.846,0.75,1
11.01.2022 06:34:42.899 GMT-0800,18.863,18.837,0.75,1
11.01.2022 06:34:43.065 GMT-0800,18.864,18.846,0.75,1
11.01.2022 06:34:43.657 GMT-0800,18.874000000000002,18.855999999999998,0.75,1
11.01.2022 06:34:44.247 GMT-0800,18.883,18.867,0.75,1
11.01.2022 06:34:45.623 GMT-0800,18.883,18.857,0.75,1
11.01.2022 06:34:45.674 GMT-0800,18.873,18.857,0.75,1
11.01.2022 06:34:49.456 GMT-0800,18.873,18.847,0.75,1
11.01.2022 06:34:49.506 GMT-0800,18.863,18.847,0.75,1
11.01.2022 06:34:49.817 GMT-0800,18.873,18.857,0.75,1
11.01.2022 06:34:51.452 GMT-0800,18.873,18.847,0.75,1
11.01.2022 06:34:51.603 GMT-0800,18.863,18.847,0.75,1
11.01.2022 06:34:51.795 GMT-0800,18.874000000000002,18.846,0.75,1
11.01.2022 06:34:52.785 GMT-0800,18.863,18.847,0.75,1
11.01.2022 06:34:53.020 GMT-0800,18.873,18.847,0.75,1
11.01.2022 06:34:53.070 GMT-0800,18.874000000000002,18.855999999999998,0.75,1
11.01.2022 06:34:55.418 GMT-0800,18.863,18.847,0.75,1
11.01.2022 06:34:55.569 GMT-0800,18.873,18.857,0.75,1
11.01.2022 06:34:57.341 GMT-0800,18.863,18.847,0.75,1
11.01.2022 06:34:59.380 GMT-0800,18.873,18.857,0.75,1
11.01.2022 06:34:59.768 GMT-0800,18.883,18.867,0.75,1
11.01.2022 06:35:00.348 GMT-0800,18.894000000000002,18.876,0.75,1
11.01.2022 06:35:00.650 GMT-0800,18.904,18.886,0.75,1
11.01.2022 06:35:00.941 GMT-0800,18.913,18.897000000000002,0.75,1
11.01.2022 06:35:01.124 GMT-0800,18.903,18.887,0.75,1
11.01.2022 06:35:01.700 GMT-0800,18.914,18.896,0.75,1
11.01.2022 06:35:02.881 GMT-0800,18.914,18.886,0.75,1
11.01.2022 06:35:02.931 GMT-0800,18.903,18.887,0.75,1
11.01.2022 06:35:03.430 GMT-0800,18.894000000000002,18.876,0.75,1
11.01.2022 06:35:03.753 GMT-0800,18.904,18.886,0.75,1
11.01.2022 06:35:04.085 GMT-0800,18.903,18.877000000000002,0.75,1
11.01.2022 06:35:04.240 GMT-0800,18.894000000000002,18.876,0.75,1
11.01.2022 06:35:04.391 GMT-0800,18.884,18.866,0.75,1
11.01.2022 06:35:05.445 GMT-0800,18.893,18.877000000000002,0.75,1
11.01.2022 06:35:06.865 GMT-0800,18.904,18.876,0.75,1
11.01.2022 06:35:07.074 GMT-0800,18.904,18.886,0.75,1
11.01.2022 06:35:08.362 GMT-0800,18.894000000000002,18.876,0.75,1
11.01.2022 06:35:10.001 GMT-0800,18.904,18.886,0.75,1
11.01.2022 06:35:11.778 GMT-0800,18.893,18.877000000000002,0.75,1
11.01.2022 06:35:15.402 GMT-0800,18.903,18.887,0.75,1
11.01.2022 06:35:15.873 GMT-0800,18.894000000000002,18.876,0.75,1
11.01.2022 06:35:16.276 GMT-0800,18.884,18.866,0.75,1
11.01.2022 06:35:16.536 GMT-0800,18.874000000000002,18.855999999999998,0.75,1
11.01.2022 06:35:16.930 GMT-0800,18.864,18.846,0.75,1
11.01.2022 06:35:17.383 GMT-0800,18.853,18.837,0.75,1
11.01.2022 06:35:17.786 GMT-0800,18.854000000000003,18.826,0.75,1
11.01.2022 06:35:17.887 GMT-0800,18.854000000000003,18.836,0.75,1
11.01.2022 06:35:18.487 GMT-0800,18.863,18.837,0.75,1
11.01.2022 06:35:18.678 GMT-0800,18.864,18.846,0.75,1
11.01.2022 06:35:21.193 GMT-0800,18.863,18.837,0.75,1
11.01.2022 06:35:21.243 GMT-0800,18.853,18.837,0.75,1
11.01.2022 06:35:21.711 GMT-0800,18.844,18.826,0.75,1
11.01.2022 06:35:22.388 GMT-0800,18.854000000000003,18.836,0.75,1
11.01.2022 06:35:22.827 GMT-0800,18.854000000000003,18.826,0.75,1
11.01.2022 06:35:23.137 GMT-0800,18.844,18.826,0.75,1
11.01.2022 06:35:23.238 GMT-0800,18.834,18.816,0.75,1
11.01.2022 06:35:23.339 GMT-0800,18.824,18.806,0.75,1
11.01.2022 06:35:23.950 GMT-0800,18.823,18.797,0.75,1
11.01.2022 06:35:24.148 GMT-0800,18.823,18.807000000000002,0.75,1
11.01.2022 06:35:25.211 GMT-0800,18.824,18.796,0.75,1
11.01.2022 06:35:25.312 GMT-0800,18.823,18.807000000000002,0.75,1
11.01.2022 06:35:25.907 GMT-0800,18.824,18.796,0.75,1
11.01.2022 06:35:26.058 GMT-0800,18.823,18.807000000000002,0.75,1
11.01.2022 06:35:27.356 GMT-0800,18.824,18.796,0.75,1
11.01.2022 06:35:27.406 GMT-0800,18.824,18.806,0.75,1
11.01.2022 06:35:30.198 GMT-0800,18.833,18.817,0.75,1
11.01.2022 06:35:30.400 GMT-0800,18.823,18.807000000000002,0.75,1
11.01.2022 06:35:30.557 GMT-0800,18.834,18.816,0.75,1
11.01.2022 06:35:31.385 GMT-0800,18.844,18.826,0.75,1
11.01.2022 06:35:31.787 GMT-0800,18.853,18.837,0.75,1
11.01.2022 06:35:32.423 GMT-0800,18.864,18.846,0.75,1
11.01.2022 06:35:33.111 GMT-0800,18.873,18.857,0.75,1
11.01.2022 06:35:33.437 GMT-0800,18.864,18.846,0.75,1
11.01.2022 06:35:33.789 GMT-0800,18.864,18.836,0.75,1
11.01.2022 06:35:33.840 GMT-0800,18.863,18.847,0.75,1
11.01.2022 06:35:33.991 GMT-0800,18.854000000000003,18.836,0.75,1
11.01.2022 06:35:34.352 GMT-0800,18.863,18.847,0.75,1
11.01.2022 06:35:35.274 GMT-0800,18.863,18.857,0.0008,0.0003
11.01.2022 06:35:35.324 GMT-0800,18.874000000000002,18.855999999999998,0.75,1
11.01.2022 06:35:35.618 GMT-0800,18.864,18.846,0.75,1
11.01.2022 06:35:36.912 GMT-0800,18.873,18.857,0.75,1
11.01.2022 06:35:37.457 GMT-0800,18.874000000000002,18.846,0.75,1
11.01.2022 06:35:37.558 GMT-0800,18.863,18.847,0.75,1
11.01.2022 06:35:38.246 GMT-0800,18.863,18.857,0.0008,0.0003
11.01.2022 06:35:38.296 GMT-0800,18.873,18.857,0.75,1
11.01.2022 06:35:39.091 GMT-0800,18.864,18.846,0.75,1
11.01.2022 06:35:40.143 GMT-0800,18.863,18.837,0.75,1
11.01.2022 06:35:40.193 GMT-0800,18.854000000000003,18.836,0.75,1
11.01.2022 06:35:41.733 GMT-0800,18.863,18.837,0.75,1
11.01.2022 06:35:42.346 GMT-0800,18.863,18.847,0.75,1
11.01.2022 06:35:43.952 GMT-0800,18.854000000000003,18.836,0.75,1
11.01.2022 06:35:47.606 GMT-0800,18.843,18.827,0.75,1
11.01.2022 06:35:48.461 GMT-0800,18.854000000000003,18.836,0.75,1
11.01.2022 06:35:49.291 GMT-0800,18.854000000000003,18.826,0.75,1
11.01.2022 06:35:49.419 GMT-0800,18.853,18.837,0.75,1
11.01.2022 06:35:49.912 GMT-0800,18.853,18.827,0.75,1
11.01.2022 06:35:50.027 GMT-0800,18.854000000000003,18.836,0.75,1
11.01.2022 06:35:50.364 GMT-0800,18.853,18.827,0.75,1
11.01.2022 06:35:50.492 GMT-0800,18.844,18.826,0.75,1
11.01.2022 06:35:50.744 GMT-0800,18.834,18.816,0.75,1
11.01.2022 06:35:50.795 GMT-0800,18.833,18.807000000000002,0.75,1
11.01.2022 06:35:50.895 GMT-0800,18.823,18.807000000000002,0.75,1
11.01.2022 06:35:51.147 GMT-0800,18.814,18.796,0.75,1
11.01.2022 06:35:51.799 GMT-0800,18.803,18.787000000000003,0.75,1
11.01.2022 06:35:51.950 GMT-0800,18.814,18.785999999999998,0.75,1
11.01.2022 06:35:52.001 GMT-0800,18.804000000000002,18.785999999999998,0.75,1
11.01.2022 06:35:52.718 GMT-0800,18.814,18.796,0.75,1
11.01.2022 06:35:53.116 GMT-0800,18.803,18.787000000000003,0.75,1
11.01.2022 06:35:53.508 GMT-0800,18.793,18.777,0.75,1
11.01.2022 06:35:54.239 GMT-0800,18.804000000000002,18.785999999999998,0.75,1
11.01.2022 06:35:54.664 GMT-0800,18.794,18.785999999999998,0.75,0.0002
11.01.2022 06:35:54.715 GMT-0800,18.793,18.777,0.75,1
11.01.2022 06:35:54.973 GMT-0800,18.803,18.777,0.75,1
11.01.2022 06:35:55.124 GMT-0800,18.803,18.787000000000003,0.75,1
11.01.2022 06:35:55.754 GMT-0800,18.804000000000002,18.776,0.75,1
11.01.2022 06:35:55.936 GMT-0800,18.804000000000002,18.785999999999998,0.75,1
11.01.2022 06:35:56.296 GMT-0800,18.814,18.796,0.75,1
11.01.2022 06:35:56.757 GMT-0800,18.823,18.807000000000002,0.75,1
11.01.2022 06:35:57.047 GMT-0800,18.814,18.806,0.75,0.0002
11.01.2022 06:35:57.098 GMT-0800,18.813,18.797,0.75,1
11.01.2022 06:35:57.491 GMT-0800,18.824,18.806,0.75,1
11.01.2022 06:35:58.172 GMT-0800,18.814,18.796,0.75,1
11.01.2022 06:35:58.380 GMT-0800,18.824,18.806,0.75,1
11.01.2022 06:35:59.126 GMT-0800,18.833,18.817,0.75,1
11.01.2022 06:35:59.505 GMT-0800,18.833,18.807000000000002,0.75,1
11.01.2022 06:35:59.556 GMT-0800,18.823,18.807000000000002,0.75,1
11.01.2022 06:35:59.707 GMT-0800,18.823,18.797,0.75,1
11.01.2022 06:35:59.757 GMT-0800,18.814,18.796,0.75,1
11.01.2022 06:35:59.808 GMT-0800,18.823,18.797,0.75,1
11.01.2022 06:36:00.132 GMT-0800,18.824,18.806,0.75,1
11.01.2022 06:36:01.463 GMT-0800,18.814,18.796,0.75,1
11.01.2022 06:36:03.454 GMT-0800,18.803,18.787000000000003,0.75,1
11.01.2022 06:36:04.376 GMT-0800,18.803,18.777,0.75,1
11.01.2022 06:36:04.477 GMT-0800,18.793,18.777,0.75,1
11.01.2022 06:36:04.651 GMT-0800,18.783,18.767,0.75,1
11.01.2022 06:36:04.852 GMT-0800,18.773,18.757,0.75,1
11.01.2022 06:36:06.180 GMT-0800,18.764000000000003,18.746,0.75,1
11.01.2022 06:36:07.159 GMT-0800,18.763,18.737000000000002,0.75,1
11.01.2022 06:36:07.723 GMT-0800,18.753,18.737000000000002,0.75,1
11.01.2022 06:36:07.824 GMT-0800,18.764000000000003,18.746,0.75,1
11.01.2022 06:36:08.075 GMT-0800,18.774,18.746,0.75,1
11.01.2022 06:36:08.162 GMT-0800,18.763,18.747,0.0008,1
11.01.2022 06:36:08.782 GMT-0800,18.774,18.756,0.75,1
11.01.2022 06:36:08.933 GMT-0800,18.774,18.746,0.75,1
11.01.2022 06:36:09.322 GMT-0800,18.774,18.756,0.75,1
11.01.2022 06:36:10.069 GMT-0800,18.784000000000002,18.756,0.75,1
11.01.2022 06:36:10.234 GMT-0800,18.784000000000002,18.766,0.75,1
11.01.2022 06:36:10.650 GMT-0800,18.784000000000002,18.756,0.75,1
11.01.2022 06:36:10.700 GMT-0800,18.774,18.756,0.75,1
11.01.2022 06:36:10.851 GMT-0800,18.774,18.746,0.75,1
11.01.2022 06:36:10.902 GMT-0800,18.763,18.747,0.75,1
11.01.2022 06:36:13.342 GMT-0800,18.764000000000003,18.736,0.75,1
11.01.2022 06:36:13.392 GMT-0800,18.753,18.737000000000002,0.75,1
11.01.2022 06:36:13.543 GMT-0800,18.763,18.737000000000002,0.75,1
11.01.2022 06:36:13.694 GMT-0800,18.754,18.736,0.75,1
11.01.2022 06:36:14.751 GMT-0800,18.764000000000003,18.746,0.75,1
11.01.2022 06:36:16.247 GMT-0800,18.754,18.736,0.75,1
11.01.2022 06:36:16.449 GMT-0800,18.744,18.726,0.75,1
11.01.2022 06:36:16.814 GMT-0800,18.744,18.716,0.75,1
11.01.2022 06:36:16.864 GMT-0800,18.743,18.727,0.75,1
11.01.2022 06:36:17.167 GMT-0800,18.743,18.717000000000002,0.75,1
11.01.2022 06:36:17.217 GMT-0800,18.734,18.716,0.75,1
11.01.2022 06:36:17.535 GMT-0800,18.763,18.717000000000002,0.75,1
11.01.2022 06:36:17.686 GMT-0800,18.774,18.746,0.75,1
11.01.2022 06:36:17.787 GMT-0800,18.773,18.757,0.75,1
11.01.2022 06:36:17.963 GMT-0800,18.784000000000002,18.766,0.75,1
11.01.2022 06:36:18.066 GMT-0800,18.804000000000002,18.785999999999998,0.75,1
11.01.2022 06:36:18.560 GMT-0800,18.814,18.796,0.75,1
11.01.2022 06:36:18.963 GMT-0800,18.803,18.787000000000003,0.75,1
11.01.2022 06:36:19.164 GMT-0800,18.783,18.767,0.75,1
11.01.2022 06:36:19.315 GMT-0800,18.784000000000002,18.756,0.75,1
11.01.2022 06:36:19.366 GMT-0800,18.773,18.757,0.75,1
11.01.2022 06:36:20.073 GMT-0800,18.764000000000003,18.746,0.75,1
11.01.2022 06:36:20.753 GMT-0800,18.773,18.757,0.75,1
11.01.2022 06:36:21.021 GMT-0800,18.783,18.767,0.75,1
11.01.2022 06:36:21.577 GMT-0800,18.774,18.756,0.75,1
11.01.2022 06:36:21.935 GMT-0800,18.783,18.767,0.75,1
11.01.2022 06:36:23.509 GMT-0800,18.793,18.777,0.75,1
11.01.2022 06:36:23.610 GMT-0800,18.803,18.787000000000003,0.75,1
11.01.2022 06:36:24.116 GMT-0800,18.794,18.776,0.75,1
11.01.2022 06:36:24.394 GMT-0800,18.783,18.767,0.75,1
11.01.2022 06:36:25.503 GMT-0800,18.774,18.756,0.75,1
11.01.2022 06:36:25.769 GMT-0800,18.773,18.747,0.75,1
11.01.2022 06:36:25.883 GMT-0800,18.773,18.757,0.75,1
11.01.2022 06:36:27.133 GMT-0800,18.764000000000003,18.746,0.75,1
11.01.2022 06:36:29.369 GMT-0800,18.763,18.757,0.0008,0.0003
11.01.2022 06:36:29.420 GMT-0800,18.774,18.756,0.75,1
11.01.2022 06:36:30.567 GMT-0800,18.783,18.767,0.75,1
11.01.2022 06:36:30.718 GMT-0800,18.774,18.756,0.75,1
11.01.2022 06:36:33.453 GMT-0800,18.763,18.747,0.75,1
11.01.2022 06:36:34.423 GMT-0800,18.754,18.736,0.75,1
11.01.2022 06:36:35.552 GMT-0800,18.743,18.727,0.75,1
11.01.2022 06:36:36.237 GMT-0800,18.734,18.716,0.75,1
11.01.2022 06:36:36.342 GMT-0800,18.724,18.695999999999998,0.75,1
11.01.2022 06:36:36.393 GMT-0800,18.713,18.697,0.75,1
11.01.2022 06:36:37.338 GMT-0800,18.724,18.706,0.75,1
11.01.2022 06:36:38.459 GMT-0800,18.734,18.716,0.75,1
11.01.2022 06:36:39.050 GMT-0800,18.744,18.716,0.75,1
11.01.2022 06:36:39.101 GMT-0800,18.743,18.727,0.75,1
11.01.2022 06:36:39.151 GMT-0800,18.744,18.716,0.75,1
11.01.2022 06:36:39.330 GMT-0800,18.734,18.716,0.75,1
11.01.2022 06:36:39.741 GMT-0800,18.744,18.716,0.75,1
11.01.2022 06:36:39.792 GMT-0800,18.734,18.716,0.75,1
11.01.2022 06:36:40.521 GMT-0800,18.733,18.707,0.75,1
11.01.2022 06:36:40.572 GMT-0800,18.723,18.707,0.75,1
11.01.2022 06:36:41.087 GMT-0800,18.724,18.695999999999998,0.75,1
11.01.2022 06:36:41.205 GMT-0800,18.723,18.707,0.75,0.0002
11.01.2022 06:36:41.255 GMT-0800,18.724,18.695999999999998,0.75,1
11.01.2022 06:36:41.306 GMT-0800,18.723,18.707,0.75,1
11.01.2022 06:36:41.507 GMT-0800,18.714000000000002,18.695999999999998,0.75,1
11.01.2022 06:36:43.059 GMT-0800,18.703,18.697,0.0008,0.0003
11.01.2022 06:36:43.110 GMT-0800,18.703,18.687,0.75,1
11.01.2022 06:36:43.818 GMT-0800,18.713,18.687,0.75,1
11.01.2022 06:36:43.869 GMT-0800,18.713,18.697,0.75,1
11.01.2022 06:36:45.723 GMT-0800,18.704,18.686,0.75,1
11.01.2022 06:36:47.732 GMT-0800,18.693,18.677,0.75,1
11.01.2022 06:36:47.865 GMT-0800,18.703,18.687,0.75,1
11.01.2022 06:36:49.664 GMT-0800,18.713,18.697,0.75,1
11.01.2022 06:36:50.719 GMT-0800,18.724,18.706,0.75,1
11.01.2022 06:36:51.100 GMT-0800,18.734,18.716,0.75,1
11.01.2022 06:36:51.272 GMT-0800,18.743,18.727,0.75,1
11.01.2022 06:36:51.373 GMT-0800,18.733,18.717000000000002,0.75,1
11.01.2022 06:36:52.127 GMT-0800,18.724,18.706,0.75,1
11.01.2022 06:36:52.447 GMT-0800,18.734,18.716,0.75,1
11.01.2022 06:36:53.303 GMT-0800,18.733,18.707,0.75,1
11.01.2022 06:36:53.588 GMT-0800,18.733,18.717000000000002,0.75,1
11.01.2022 06:36:53.890 GMT-0800,18.723,18.707,0.75,1
11.01.2022 06:36:54.092 GMT-0800,18.723,18.697,0.75,1
11.01.2022 06:36:54.142 GMT-0800,18.713,18.697,0.75,1
11.01.2022 06:36:54.523 GMT-0800,18.724,18.695999999999998,0.75,1
11.01.2022 06:36:54.573 GMT-0800,18.724,18.706,0.75,1
11.01.2022 06:36:56.788 GMT-0800,18.714000000000002,18.695999999999998,0.75,1
11.01.2022 06:36:58.250 GMT-0800,18.704,18.686,0.75,1
11.01.2022 06:37:00.212 GMT-0800,18.693,18.677,0.75,1
11.01.2022 06:37:00.551 GMT-0800,18.703,18.687,0.75,1
11.01.2022 06:37:01.350 GMT-0800,18.713,18.697,0.75,1
11.01.2022 06:37:01.451 GMT-0800,18.704,18.686,0.75,1
11.01.2022 06:37:01.552 GMT-0800,18.703,18.677,0.75,1
11.01.2022 06:37:01.652 GMT-0800,18.704,18.686,0.75,1
11.01.2022 06:37:02.748 GMT-0800,18.703,18.677,0.75,1
11.01.2022 06:37:02.985 GMT-0800,18.693,18.677,0.75,1
11.01.2022 06:37:03.595 GMT-0800,18.704,18.686,0.75,1
11.01.2022 06:37:04.099 GMT-0800,18.714000000000002,18.695999999999998,0.75,1
11.01.2022 06:37:04.350 GMT-0800,18.724,18.706,0.75,1
11.01.2022 06:37:04.763 GMT-0800,18.734,18.716,0.75,1
11.01.2022 06:37:04.864 GMT-0800,18.724,18.706,0.75,1
11.01.2022 06:37:05.174 GMT-0800,18.724,18.695999999999998,0.75,1
11.01.2022 06:37:05.224 GMT-0800,18.713,18.697,0.75,1
11.01.2022 06:37:07.431 GMT-0800,18.703,18.687,0.75,1
11.01.2022 06:37:07.582 GMT-0800,18.704,18.676,0.75,1
11.01.2022 06:37:07.719 GMT-0800,18.694000000000003,18.676,0.75,1
11.01.2022 06:37:07.971 GMT-0800,18.704,18.686,0.75,1
11.01.2022 06:37:08.571 GMT-0800,18.704,18.676,0.75,1
11.01.2022 06:37:09.056 GMT-0800,18.703,18.687,0.75,1
11.01.2022 06:37:09.991 GMT-0800,18.714000000000002,18.695999999999998,0.75,1
11.01.2022 06:37:10.093 GMT-0800,18.703,18.687,0.75,1
11.01.2022 06:37:10.840 GMT-0800,18.704,18.676,0.75,1
11.01.2022 06:37:10.890 GMT-0800,18.703,18.687,0.75,1
11.01.2022 06:37:12.127 GMT-0800,18.713,18.697,0.75,1
11.01.2022 06:37:12.177 GMT-0800,18.724,18.695999999999998,0.75,1
11.01.2022 06:37:12.228 GMT-0800,18.724,18.706,0.75,1
11.01.2022 06:37:12.530 GMT-0800,18.723,18.697,0.75,1
11.01.2022 06:37:12.630 GMT-0800,18.724,18.706,0.75,1
11.01.2022 06:37:12.814 GMT-0800,18.723,18.697,0.75,1
11.01.2022 06:37:12.864 GMT-0800,18.714000000000002,18.695999999999998,0.75,1
11.01.2022 06:37:13.308 GMT-0800,18.723,18.707,0.75,1
11.01.2022 06:37:14.487 GMT-0800,18.734,18.716,0.75,1
11.01.2022 06:37:14.588 GMT-0800,18.723,18.707,0.75,1
11.01.2022 06:37:16.804 GMT-0800,18.733,18.717000000000002,0.75,1
11.01.2022 06:37:16.855 GMT-0800,18.733,18.707,0.75,1
11.01.2022 06:37:17.007 GMT-0800,18.723,18.707,0.75,1
11.01.2022 06:37:18.603 GMT-0800,18.733,18.717000000000002,0.75,1
11.01.2022 06:37:20.261 GMT-0800,18.744,18.716,0.75,1
11.01.2022 06:37:20.311 GMT-0800,18.744,18.726,0.75,1
11.01.2022 06:37:21.941 GMT-0800,18.744,18.716,0.75,1
11.01.2022 06:37:21.991 GMT-0800,18.743,18.727,0.75,1
11.01.2022 06:37:22.343 GMT-0800,18.743,18.717000000000002,0.75,1
11.01.2022 06:37:22.845 GMT-0800,18.733,18.717000000000002,0.75,1
11.01.2022 06:37:23.693 GMT-0800,18.743,18.727,0.75,1
11.01.2022 06:37:24.096 GMT-0800,18.754,18.736,0.75,1
11.01.2022 06:37:24.403 GMT-0800,18.753,18.727,0.75,1
11.01.2022 06:37:24.453 GMT-0800,18.754,18.736,0.75,1
11.01.2022 06:37:24.864 GMT-0800,18.764000000000003,18.746,0.75,1
11.01.2022 06:37:27.231 GMT-0800,18.764000000000003,18.736,0.75,1
11.01.2022 06:37:27.363 GMT-0800,18.763,18.747,0.75,1
11.01.2022 06:37:27.414 GMT-0800,18.763,18.737000000000002,0.75,1
11.01.2022 06:37:27.972 GMT-0800,18.754,18.736,0.75,1
11.01.2022 06:37:28.393 GMT-0800,18.753,18.747,0.0008,0.0003
11.01.2022 06:37:28.443 GMT-0800,18.763,18.747,0.75,1
11.01.2022 06:37:29.857 GMT-0800,18.764000000000003,18.736,0.75,1
11.01.2022 06:37:29.907 GMT-0800,18.763,18.747,0.75,1
11.01.2022 06:37:30.436 GMT-0800,18.774,18.756,0.75,1
11.01.2022 06:37:30.587 GMT-0800,18.773,18.747,0.75,1
11.01.2022 06:37:30.845 GMT-0800,18.773,18.757,0.75,1
11.01.2022 06:37:30.946 GMT-0800,18.774,18.746,0.75,1
11.01.2022 06:37:31.412 GMT-0800,18.763,18.747,0.75,1
11.01.2022 06:37:32.465 GMT-0800,18.763,18.737000000000002,0.75,1
11.01.2022 06:37:33.168 GMT-0800,18.754,18.736,0.0008,1
11.01.2022 06:37:34.626 GMT-0800,18.743,18.727,0.75,1
11.01.2022 06:37:36.404 GMT-0800,18.754,18.736,0.75,1
11.01.2022 06:37:37.131 GMT-0800,18.764000000000003,18.746,0.75,1
11.01.2022 06:37:37.332 GMT-0800,18.773,18.747,0.75,1
11.01.2022 06:37:37.501 GMT-0800,18.764000000000003,18.746,0.75,1
11.01.2022 06:37:37.979 GMT-0800,18.774,18.756,0.75,1
11.01.2022 06:37:39.051 GMT-0800,18.763,18.747,0.75,1
11.01.2022 06:37:41.118 GMT-0800,18.773,18.747,0.75,1
11.01.2022 06:37:41.169 GMT-0800,18.774,18.756,0.75,1
11.01.2022 06:37:41.420 GMT-0800,18.763,18.747,0.75,1
11.01.2022 06:37:43.309 GMT-0800,18.753,18.737000000000002,0.75,1
11.01.2022 06:37:44.566 GMT-0800,18.753,18.727,0.75,1
11.01.2022 06:37:44.857 GMT-0800,18.754,18.736,0.75,1
11.01.2022 06:37:47.461 GMT-0800,18.764000000000003,18.746,0.75,1
11.01.2022 06:37:48.700 GMT-0800,18.773,18.747,0.75,1
11.01.2022 06:37:48.750 GMT-0800,18.784000000000002,18.766,0.75,1
11.01.2022 06:37:49.992 GMT-0800,18.793,18.777,0.75,1
11.01.2022 06:37:50.343 GMT-0800,18.804000000000002,18.785999999999998,0.75,1
11.01.2022 06:37:50.969 GMT-0800,18.804000000000002,18.776,0.75,1
11.01.2022 06:37:51.042 GMT-0800,18.804000000000002,18.785999999999998,0.75,0.0003
11.01.2022 06:37:51.494 GMT-0800,18.804000000000002,18.776,0.75,1
11.01.2022 06:37:51.545 GMT-0800,18.794,18.776,0.75,1
11.01.2022 06:37:51.696 GMT-0800,18.793,18.767,0.75,1
11.01.2022 06:37:51.747 GMT-0800,18.783,18.767,0.75,1
11.01.2022 06:37:53.921 GMT-0800,18.793,18.767,0.75,1
11.01.2022 06:37:53.971 GMT-0800,18.794,18.776,0.75,1
11.01.2022 06:37:55.443 GMT-0800,18.793,18.767,0.75,1
11.01.2022 06:37:55.623 GMT-0800,18.794,18.776,0.75,1
11.01.2022 06:37:55.724 GMT-0800,18.783,18.767,0.75,1
11.01.2022 06:37:56.207 GMT-0800,18.794,18.766,0.75,1
11.01.2022 06:37:56.258 GMT-0800,18.793,18.777,0.75,1
11.01.2022 06:37:56.612 GMT-0800,18.794,18.766,0.75,1
11.01.2022 06:37:56.713 GMT-0800,18.784000000000002,18.766,0.75,1
11.01.2022 06:37:57.890 GMT-0800,18.783,18.757,0.75,1
11.01.2022 06:37:57.967 GMT-0800,18.784000000000002,18.766,0.75,1
11.01.2022 06:37:58.118 GMT-0800,18.794,18.776,0.75,1
11.01.2022 06:37:58.168 GMT-0800,18.803,18.777,0.75,1
11.01.2022 06:37:58.269 GMT-0800,18.804000000000002,18.785999999999998,0.75,1
11.01.2022 06:37:58.370 GMT-0800,18.813,18.797,0.75,1
11.01.2022 06:37:59.084 GMT-0800,18.803,18.787000000000003,0.75,1
11.01.2022 06:37:59.452 GMT-0800,18.813,18.797,0.75,1
11.01.2022 06:38:00.006 GMT-0800,18.803,18.787000000000003,0.75,1
11.01.2022 06:38:02.623 GMT-0800,18.794,18.776,0.75,1
11.01.2022 06:38:03.062 GMT-0800,18.783,18.767,0.75,1
11.01.2022 06:38:03.486 GMT-0800,18.773,18.757,0.75,1
11.01.2022 06:38:05.154 GMT-0800,18.764000000000003,18.756,0.75,0.0002
11.01.2022 06:38:05.205 GMT-0800,18.763,18.747,0.75,1
11.01.2022 06:38:05.892 GMT-0800,18.774,18.756,0.75,1
11.01.2022 06:38:06.194 GMT-0800,18.784000000000002,18.766,0.75,1
11.01.2022 06:38:06.295 GMT-0800,18.773,18.757,0.75,1
11.01.2022 06:38:07.826 GMT-0800,18.784000000000002,18.766,0.75,1
11.01.2022 06:38:09.741 GMT-0800,18.783,18.757,0.75,1
11.01.2022 06:38:09.791 GMT-0800,18.774,18.756,0.75,1
11.01.2022 06:38:11.830 GMT-0800,18.763,18.747,0.75,1
11.01.2022 06:38:13.231 GMT-0800,18.773,18.757,0.75,1
11.01.2022 06:38:14.239 GMT-0800,18.783,18.767,0.75,1
11.01.2022 06:38:14.390 GMT-0800,18.794,18.776,0.75,1
11.01.2022 06:38:15.704 GMT-0800,18.784000000000002,18.766,0.75,1
11.01.2022 06:38:16.536 GMT-0800,18.774,18.756,0.75,1
11.01.2022 06:38:17.654 GMT-0800,18.764000000000003,18.746,0.75,1
11.01.2022 06:38:18.155 GMT-0800,18.753,18.737000000000002,0.75,1
11.01.2022 06:38:18.788 GMT-0800,18.763,18.747,0.75,1
11.01.2022 06:38:19.642 GMT-0800,18.754,18.736,0.75,1
11.01.2022 06:38:20.070 GMT-0800,18.764000000000003,18.746,0.75,1
11.01.2022 06:38:20.511 GMT-0800,18.774,18.756,0.75,1
11.01.2022 06:38:20.627 GMT-0800,18.783,18.767,0.75,1
11.01.2022 06:38:21.535 GMT-0800,18.794,18.776,0.75,1
11.01.2022 06:38:22.273 GMT-0800,18.804000000000002,18.785999999999998,0.75,1
11.01.2022 06:38:23.354 GMT-0800,18.813,18.787000000000003,0.75,1
11.01.2022 06:38:23.531 GMT-0800,18.814,18.796,0.75,1
11.01.2022 06:38:23.833 GMT-0800,18.814,18.785999999999998,0.75,1
11.01.2022 06:38:23.883 GMT-0800,18.804000000000002,18.785999999999998,0.75,1
11.01.2022 06:38:25.453 GMT-0800,18.794,18.776,0.75,1
11.01.2022 06:38:25.554 GMT-0800,18.803,18.787000000000003,0.75,1
11.01.2022 06:38:25.925 GMT-0800,18.814,18.785999999999998,0.75,1
11.01.2022 06:38:26.076 GMT-0800,18.804000000000002,18.785999999999998,0.75,1
11.01.2022 06:38:26.452 GMT-0800,18.814,18.785999999999998,0.75,1
11.01.2022 06:38:26.502 GMT-0800,18.813,18.797,0.75,1
11.01.2022 06:38:26.553 GMT-0800,18.824,18.796,0.75,1
11.01.2022 06:38:26.603 GMT-0800,18.814,18.796,0.75,1
11.01.2022 06:38:27.491 GMT-0800,18.824,18.796,0.75,1
11.01.2022 06:38:27.592 GMT-0800,18.823,18.807000000000002,0.75,1
11.01.2022 06:38:27.793 GMT-0800,18.834,18.816,0.75,1
11.01.2022 06:38:29.606 GMT-0800,18.844,18.826,0.75,1
11.01.2022 06:38:29.759 GMT-0800,18.853,18.837,0.75,1
11.01.2022 06:38:31.805 GMT-0800,18.844,18.826,0.75,1
11.01.2022 06:38:32.220 GMT-0800,18.854000000000003,18.836,0.75,1
11.01.2022 06:38:34.718 GMT-0800,18.854000000000003,18.846,0.75,0.0002
11.01.2022 06:38:34.768 GMT-0800,18.864,18.846,0.75,1
11.01.2022 06:38:36.575 GMT-0800,18.853,18.837,0.75,1
11.01.2022 06:38:37.559 GMT-0800,18.864,18.836,0.75,1
11.01.2022 06:38:37.609 GMT-0800,18.853,18.837,0.75,1
11.01.2022 06:38:37.660 GMT-0800,18.864,18.836,0.75,1
11.01.2022 06:38:37.796 GMT-0800,18.854000000000003,18.836,0.0008,1
11.01.2022 06:38:38.129 GMT-0800,18.863,18.847,0.75,1
11.01.2022 06:38:39.397 GMT-0800,18.874000000000002,18.855999999999998,0.75,1
11.01.2022 06:38:39.498 GMT-0800,18.874000000000002,18.846,0.75,1
11.01.2022 06:38:39.549 GMT-0800,18.863,18.847,0.75,1
11.01.2022 06:38:40.253 GMT-0800,18.874000000000002,18.855999999999998,0.75,1
11.01.2022 06:38:41.281 GMT-0800,18.863,18.847,0.75,1
11.01.2022 06:38:43.140 GMT-0800,18.854000000000003,18.836,0.75,1
11.01.2022 06:38:43.596 GMT-0800,18.844,18.826,0.75,1
11.01.2022 06:38:43.999 GMT-0800,18.854000000000003,18.836,0.75,1
11.01.2022 06:38:44.100 GMT-0800,18.844,18.826,0.75,1
11.01.2022 06:38:46.919 GMT-0800,18.833,18.817,0.75,1
11.01.2022 06:38:47.221 GMT-0800,18.824,18.806,0.75,1
11.01.2022 06:38:48.546 GMT-0800,18.834,18.816,0.75,1
11.01.2022 06:38:48.879 GMT-0800,18.834,18.806,0.75,1
11.01.2022 06:38:49.053 GMT-0800,18.823,18.807000000000002,0.0008,1
11.01.2022 06:38:49.981 GMT-0800,18.833,18.807000000000002,0.75,1
11.01.2022 06:38:50.081 GMT-0800,18.843,18.817,0.75,1
11.01.2022 06:38:50.182 GMT-0800,18.854000000000003,18.826,0.75,1
11.01.2022 06:38:50.461 GMT-0800,18.853,18.837,0.75,1
11.01.2022 06:38:50.657 GMT-0800,18.843,18.827,0.75,1
11.01.2022 06:38:51.072 GMT-0800,18.843,18.817,0.75,1
11.01.2022 06:38:51.273 GMT-0800,18.844,18.826,0.75,1
11.01.2022 06:38:51.945 GMT-0800,18.844,18.816,0.75,1
11.01.2022 06:38:52.199 GMT-0800,18.843,18.827,0.75,1
11.01.2022 06:38:53.457 GMT-0800,18.834,18.816,0.75,1
11.01.2022 06:38:53.831 GMT-0800,18.833,18.807000000000002,0.75,1
11.01.2022 06:38:54.096 GMT-0800,18.833,18.817,0.75,1
11.01.2022 06:38:54.147 GMT-0800,18.834,18.806,0.75,1
11.01.2022 06:38:54.424 GMT-0800,18.834,18.816,0.75,0.0003
11.01.2022 06:38:54.524 GMT-0800,18.833,18.807000000000002,0.75,1
11.01.2022 06:38:54.575 GMT-0800,18.834,18.816,0.75,1
11.01.2022 06:38:55.109 GMT-0800,18.843,18.827,0.75,1
11.01.2022 06:38:55.379 GMT-0800,18.854000000000003,18.836,0.75,1
11.01.2022 06:38:55.480 GMT-0800,18.854000000000003,18.826,0.75,1
11.01.2022 06:38:55.889 GMT-0800,18.843,18.827,0.75,1
11.01.2022 06:38:58.810 GMT-0800,18.853,18.837,0.75,1
11.01.2022 06:38:59.892 GMT-0800,18.854000000000003,18.826,0.75,1
11.01.2022 06:39:00.130 GMT-0800,18.854000000000003,18.836,0.75,1
11.01.2022 06:39:03.586 GMT-0800,18.843,18.827,0.75,1
11.01.2022 06:39:05.756 GMT-0800,18.854000000000003,18.836,0.75,1
11.01.2022 06:39:06.536 GMT-0800,18.864,18.846,0.75,1
11.01.2022 06:39:06.866 GMT-0800,18.854000000000003,18.836,0.75,1
11.01.2022 06:39:07.047 GMT-0800,18.843,18.827,0.75,1
11.01.2022 06:39:07.523 GMT-0800,18.833,18.827,0.75,0.0002
11.01.2022 06:39:07.573 GMT-0800,18.833,18.817,0.75,1
11.01.2022 06:39:08.934 GMT-0800,18.823,18.807000000000002,0.75,1
11.01.2022 06:39:09.392 GMT-0800,18.813,18.797,0.75,1
11.01.2022 06:39:11.911 GMT-0800,18.814,18.806,0.0008,0.0003
11.01.2022 06:39:11.962 GMT-0800,18.824,18.806,0.75,1
11.01.2022 06:39:12.368 GMT-0800,18.824,18.796,0.75,1
11.01.2022 06:39:12.419 GMT-0800,18.814,18.796,0.75,1
11.01.2022 06:39:12.520 GMT-0800,18.803,18.787000000000003,0.75,1
11.01.2022 06:39:13.164 GMT-0800,18.803,18.797,0.75,0.0002
11.01.2022 06:39:13.215 GMT-0800,18.814,18.796,0.75,1
11.01.2022 06:39:13.265 GMT-0800,18.823,18.807000000000002,0.75,1
11.01.2022 06:39:13.416 GMT-0800,18.824,18.796,0.75,1
11.01.2022 06:39:13.467 GMT-0800,18.823,18.807000000000002,0.75,1
11.01.2022 06:39:14.579 GMT-0800,18.834,18.816,0.75,1
11.01.2022 06:39:15.256 GMT-0800,18.823,18.807000000000002,0.75,1
11.01.2022 06:39:16.789 GMT-0800,18.814,18.796,0.75,1
11.01.2022 06:39:17.548 GMT-0800,18.823,18.807000000000002,0.75,1
11.01.2022 06:39:18.462 GMT-0800,18.823,18.797,0.75,1
11.01.2022 06:39:18.512 GMT-0800,18.813,18.797,0.75,1
11.01.2022 06:39:19.845 GMT-0800,18.813,18.787000000000003,0.75,1
11.01.2022 06:39:19.895 GMT-0800,18.803,18.787000000000003,0.75,1
11.01.2022 06:39:21.227 GMT-0800,18.814,18.796,0.75,1
11.01.2022 06:39:21.497 GMT-0800,18.804000000000002,18.785999999999998,0.75,1
11.01.2022 06:39:23.112 GMT-0800,18.803,18.797,0.75,0.0002
11.01.2022 06:39:23.162 GMT-0800,18.814,18.796,0.75,1
11.01.2022 06:39:23.541 GMT-0800,18.814,18.785999999999998,0.75,1
11.01.2022 06:39:23.592 GMT-0800,18.803,18.787000000000003,0.75,1
11.01.2022 06:39:23.743 GMT-0800,18.823,18.807000000000002,0.75,1
11.01.2022 06:39:23.894 GMT-0800,18.813,18.797,0.75,1
11.01.2022 06:39:24.610 GMT-0800,18.824,18.806,0.75,1
11.01.2022 06:39:24.761 GMT-0800,18.814,18.796,0.75,1
11.01.2022 06:39:24.862 GMT-0800,18.823,18.807000000000002,0.75,1
11.01.2022 06:39:27.845 GMT-0800,18.824,18.796,0.75,1
11.01.2022 06:39:27.947 GMT-0800,18.824,18.806,0.75,0.0002
11.01.2022 06:39:28.456 GMT-0800,18.834,18.816,0.75,1
11.01.2022 06:39:29.351 GMT-0800,18.844,18.816,0.75,1
11.01.2022 06:39:29.511 GMT-0800,18.844,18.826,0.75,0.0002
11.01.2022 06:39:29.612 GMT-0800,18.854000000000003,18.836,0.75,1
11.01.2022 06:39:30.116 GMT-0800,18.863,18.837,0.75,1
11.01.2022 06:39:30.318 GMT-0800,18.854000000000003,18.836,0.75,1
11.01.2022 06:39:30.419 GMT-0800,18.864,18.836,0.75,1
11.01.2022 06:39:30.581 GMT-0800,18.854000000000003,18.836,0.75,1
11.01.2022 06:39:32.800 GMT-0800,18.843,18.827,0.75,1
11.01.2022 06:39:34.288 GMT-0800,18.834,18.816,0.75,1
11.01.2022 06:39:34.618 GMT-0800,18.834,18.826,0.75,0.0002
11.01.2022 06:39:34.668 GMT-0800,18.843,18.827,0.75,1
11.01.2022 06:39:38.519 GMT-0800,18.853,18.837,0.75,1
11.01.2022 06:39:41.275 GMT-0800,18.853,18.827,0.75,1
11.01.2022 06:39:41.326 GMT-0800,18.854000000000003,18.836,0.75,1
11.01.2022 06:39:41.376 GMT-0800,18.854000000000003,18.826,0.75,1
11.01.2022 06:39:41.427 GMT-0800,18.843,18.827,0.75,1
11.01.2022 06:39:41.802 GMT-0800,18.833,18.817,0.75,1
11.01.2022 06:39:42.328 GMT-0800,18.843,18.817,0.75,1
11.01.2022 06:39:42.436 GMT-0800,18.833,18.817,0.75,1
11.01.2022 06:39:42.958 GMT-0800,18.844,18.826,0.75,1
11.01.2022 06:39:44.020 GMT-0800,18.854000000000003,18.836,0.75,1
11.01.2022 06:39:44.712 GMT-0800,18.854000000000003,18.826,0.75,1
11.01.2022 06:39:44.763 GMT-0800,18.844,18.826,0.75,1
11.01.2022 06:39:46.715 GMT-0800,18.834,18.816,0.75,1
11.01.2022 06:39:46.919 GMT-0800,18.844,18.826,0.75,1
11.01.2022 06:39:47.682 GMT-0800,18.844,18.836,0.0008,0.0003
11.01.2022 06:39:47.733 GMT-0800,18.854000000000003,18.836,0.75,1
11.01.2022 06:39:50.623 GMT-0800,18.844,18.826,0.75,1
11.01.2022 06:39:51.850 GMT-0800,18.844,18.836,0.0008,0.0003
11.01.2022 06:39:51.901 GMT-0800,18.854000000000003,18.836,0.75,1
11.01.2022 06:39:52.285 GMT-0800,18.854000000000003,18.826,0.75,1
11.01.2022 06:39:52.945 GMT-0800,18.844,18.826,0.75,1
11.01.2022 06:39:54.605 GMT-0800,18.834,18.826,0.0008,0.0003
11.01.2022 06:39:54.656 GMT-0800,18.834,18.816,0.75,1
11.01.2022 06:39:54.756 GMT-0800,18.844,18.816,0.75,1
11.01.2022 06:39:54.925 GMT-0800,18.833,18.817,0.75,1
11.01.2022 06:39:55.026 GMT-0800,18.844,18.816,0.75,1
11.01.2022 06:39:55.079 GMT-0800,18.833,18.817,0.75,1
11.01.2022 06:39:59.165 GMT-0800,18.823,18.807000000000002,0.75,1
11.01.2022 06:39:59.675 GMT-0800,18.814,18.796,0.75,1
11.01.2022 06:40:00.487 GMT-0800,18.803,18.797,0.0008,0.0003
11.01.2022 06:40:00.537 GMT-0800,18.814,18.796,0.75,1
11.01.2022 06:40:00.590 GMT-0800,18.823,18.807000000000002,0.75,1
11.01.2022 06:40:00.792 GMT-0800,18.813,18.797,0.75,1
11.01.2022 06:40:01.333 GMT-0800,18.823,18.807000000000002,0.75,1
11.01.2022 06:40:01.635 GMT-0800,18.813,18.797,0.75,1
11.01.2022 06:40:02.615 GMT-0800,18.823,18.797,0.75,1
11.01.2022 06:40:02.666 GMT-0800,18.824,18.806,0.75,1
11.01.2022 06:40:02.717 GMT-0800,18.833,18.807000000000002,0.75,1
11.01.2022 06:40:02.822 GMT-0800,18.834,18.816,0.75,1
11.01.2022 06:40:03.036 GMT-0800,18.843,18.817,0.75,1
11.01.2022 06:40:03.087 GMT-0800,18.844,18.826,0.75,1
11.01.2022 06:40:06.913 GMT-0800,18.844,18.836,0.0008,0.0003
11.01.2022 06:40:06.964 GMT-0800,18.853,18.837,0.75,1
11.01.2022 06:40:08.334 GMT-0800,18.853,18.827,0.75,1
11.01.2022 06:40:08.385 GMT-0800,18.853,18.837,0.75,1
11.01.2022 06:40:08.972 GMT-0800,18.853,18.827,0.75,1
11.01.2022 06:40:09.073 GMT-0800,18.844,18.826,0.75,1
11.01.2022 06:40:09.275 GMT-0800,18.843,18.817,0.75,1
11.01.2022 06:40:09.325 GMT-0800,18.834,18.816,0.75,1
11.01.2022 06:40:10.134 GMT-0800,18.843,18.827,0.75,1
11.01.2022 06:40:10.882 GMT-0800,18.854000000000003,18.836,0.75,1
11.01.2022 06:40:11.239 GMT-0800,18.854000000000003,18.826,0.75,1
11.01.2022 06:40:11.340 GMT-0800,18.853,18.837,0.75,1
11.01.2022 06:40:16.684 GMT-0800,18.863,18.847,0.75,1
11.01.2022 06:40:18.781 GMT-0800,18.874000000000002,18.855999999999998,0.75,1
11.01.2022 06:40:19.030 GMT-0800,18.873,18.847,0.75,1
11.01.2022 06:40:19.131 GMT-0800,18.874000000000002,18.855999999999998,0.75,1
11.01.2022 06:40:20.047 GMT-0800,18.864,18.846,0.75,1
11.01.2022 06:40:22.549 GMT-0800,18.874000000000002,18.855999999999998,0.75,1
11.01.2022 06:40:23.260 GMT-0800,18.883,18.867,0.75,1
11.01.2022 06:40:24.061 GMT-0800,18.884,18.855999999999998,0.75,1
11.01.2022 06:40:24.112 GMT-0800,18.884,18.866,0.75,1
11.01.2022 06:40:24.441 GMT-0800,18.884,18.855999999999998,0.75,1
11.01.2022 06:40:24.740 GMT-0800,18.874000000000002,18.855999999999998,0.75,1
11.01.2022 06:40:28.457 GMT-0800,18.883,18.867,0.75,1
11.01.2022 06:40:29.804 GMT-0800,18.894000000000002,18.866,0.75,1
11.01.2022 06:40:30.146 GMT-0800,18.894000000000002,18.876,0.75,1
11.01.2022 06:40:32.498 GMT-0800,18.904,18.886,0.75,1
11.01.2022 06:40:32.649 GMT-0800,18.914,18.896,0.75,1
11.01.2022 06:40:32.793 GMT-0800,18.903,18.887,0.75,1
11.01.2022 06:40:33.562 GMT-0800,18.914,18.896,0.75,1
11.01.2022 06:40:34.015 GMT-0800,18.914,18.886,0.75,1
11.01.2022 06:40:34.463 GMT-0800,18.913,18.897000000000002,0.75,1
11.01.2022 06:40:34.564 GMT-0800,18.903,18.887,0.75,1
11.01.2022 06:40:34.983 GMT-0800,18.913,18.887,0.75,1
11.01.2022 06:40:35.084 GMT-0800,18.913,18.897000000000002,0.75,1
11.01.2022 06:40:35.235 GMT-0800,18.924000000000003,18.906,0.75,1
11.01.2022 06:40:35.731 GMT-0800,18.934,18.916,0.75,1
11.01.2022 06:40:36.782 GMT-0800,18.923,18.907,0.75,1
11.01.2022 06:40:36.883 GMT-0800,18.923,18.897000000000002,0.75,1
11.01.2022 06:40:36.933 GMT-0800,18.914,18.896,0.75,1
11.01.2022 06:40:37.518 GMT-0800,18.923,18.907,0.75,1
11.01.2022 06:40:37.863 GMT-0800,18.913,18.897000000000002,0.75,1
11.01.2022 06:40:38.495 GMT-0800,18.923,18.907,0.75,1
11.01.2022 06:40:38.904 GMT-0800,18.913,18.897000000000002,0.75,1
11.01.2022 06:40:39.005 GMT-0800,18.903,18.887,0.75,1
11.01.2022 06:40:39.106 GMT-0800,18.913,18.897000000000002,0.75,1
11.01.2022 06:40:39.307 GMT-0800,18.923,18.907,0.75,1
11.01.2022 06:40:39.536 GMT-0800,18.913,18.897000000000002,0.75,1
11.01.2022 06:40:39.838 GMT-0800,18.923,18.907,0.75,1
11.01.2022 06:40:41.262 GMT-0800,18.933,18.917,0.75,1
11.01.2022 06:40:41.907 GMT-0800,18.944000000000003,18.916,0.75,1
11.01.2022 06:40:41.961 GMT-0800,18.933,18.917,0.75,1
11.01.2022 06:40:42.652 GMT-0800,18.924000000000003,18.906,0.75,1
11.01.2022 06:40:44.182 GMT-0800,18.933,18.917,0.75,1
11.01.2022 06:40:44.283 GMT-0800,18.933,18.907,0.75,1
11.01.2022 06:40:44.468 GMT-0800,18.933,18.917,0.75,0.0002
11.01.2022 06:40:44.619 GMT-0800,18.934,18.906,0.75,1
11.01.2022 06:40:44.670 GMT-0800,18.923,18.907,0.75,1
11.01.2022 06:40:44.871 GMT-0800,18.914,18.896,0.75,1
11.01.2022 06:40:45.502 GMT-0800,18.904,18.886,0.75,1
11.01.2022 06:40:46.124 GMT-0800,18.913,18.897000000000002,0.75,1
11.01.2022 06:40:46.175 GMT-0800,18.923,18.897000000000002,0.75,1
11.01.2022 06:40:46.225 GMT-0800,18.913,18.897000000000002,0.75,1
11.01.2022 06:40:47.148 GMT-0800,18.923,18.897000000000002,0.75,1
11.01.2022 06:40:47.501 GMT-0800,18.914,18.896,0.75,1
11.01.2022 06:40:47.658 GMT-0800,18.923,18.907,0.75,1
11.01.2022 06:40:48.244 GMT-0800,18.934,18.906,0.75,1
11.01.2022 06:40:48.295 GMT-0800,18.934,18.916,0.75,1
11.01.2022 06:40:48.451 GMT-0800,18.943,18.917,0.75,1
11.01.2022 06:40:48.501 GMT-0800,18.933,18.917,0.75,1
11.01.2022 06:40:48.670 GMT-0800,18.943,18.917,0.75,1
11.01.2022 06:40:49.347 GMT-0800,18.933,18.917,0.0008,1
11.01.2022 06:40:49.582 GMT-0800,18.933,18.907,0.75,1
11.01.2022 06:40:49.682 GMT-0800,18.924000000000003,18.906,0.75,1
11.01.2022 06:40:49.834 GMT-0800,18.924000000000003,18.896,0.75,1
11.01.2022 06:40:50.012 GMT-0800,18.923,18.907,0.75,0.0003
11.01.2022 06:40:51.779 GMT-0800,18.934,18.916,0.75,1
11.01.2022 06:40:52.044 GMT-0800,18.943,18.927,0.75,1
11.01.2022 06:40:52.145 GMT-0800,18.943,18.917,0.75,1
11.01.2022 06:40:52.195 GMT-0800,18.934,18.916,0.75,1
11.01.2022 06:40:53.028 GMT-0800,18.943,18.927,0.75,1
11.01.2022 06:40:59.182 GMT-0800,18.933,18.917,0.75,1
11.01.2022 06:41:00.993 GMT-0800,18.924000000000003,18.906,0.75,1
11.01.2022 06:41:01.144 GMT-0800,18.913,18.897000000000002,0.75,1
11.01.2022 06:41:02.216 GMT-0800,18.923,18.907,0.75,1
11.01.2022 06:41:03.056 GMT-0800,18.914,18.896,0.75,1
11.01.2022 06:41:03.867 GMT-0800,18.904,18.886,0.75,1
11.01.2022 06:41:05.836 GMT-0800,18.913,18.897000000000002,0.75,1
11.01.2022 06:41:06.289 GMT-0800,18.904,18.886,0.75,1
11.01.2022 06:41:06.528 GMT-0800,18.914,18.896,0.75,1
11.01.2022 06:41:08.113 GMT-0800,18.904,18.886,0.75,1
11.01.2022 06:41:09.663 GMT-0800,18.913,18.897000000000002,0.75,1
11.01.2022 06:41:09.946 GMT-0800,18.923,18.907,0.75,1
11.01.2022 06:41:10.479 GMT-0800,18.923,18.897000000000002,0.75,1
11.01.2022 06:41:10.529 GMT-0800,18.914,18.896,0.75,1
11.01.2022 06:41:10.836 GMT-0800,18.924000000000003,18.906,0.75,1
11.01.2022 06:41:11.038 GMT-0800,18.913,18.897000000000002,0.75,1
11.01.2022 06:41:12.445 GMT-0800,18.904,18.886,0.75,1
11.01.2022 06:41:14.826 GMT-0800,18.903,18.877000000000002,0.75,1
11.01.2022 06:41:14.876 GMT-0800,18.894000000000002,18.876,0.75,1
11.01.2022 06:41:15.946 GMT-0800,18.893,18.887,0.75,0.0002
11.01.2022 06:41:15.997 GMT-0800,18.904,18.886,0.75,1
11.01.2022 06:41:17.110 GMT-0800,18.903,18.877000000000002,0.75,1
11.01.2022 06:41:17.160 GMT-0800,18.904,18.886,0.75,1
11.01.2022 06:41:19.302 GMT-0800,18.904,18.896,0.0008,0.0003
11.01.2022 06:41:19.353 GMT-0800,18.914,18.896,0.75,1
11.01.2022 06:41:19.838 GMT-0800,18.913,18.887,0.75,1
11.01.2022 06:41:19.938 GMT-0800,18.913,18.897000000000002,0.75,1
11.01.2022 06:41:20.226 GMT-0800,18.903,18.887,0.75,1
11.01.2022 06:41:20.377 GMT-0800,18.914,18.896,0.75,1
11.01.2022 06:41:20.478 GMT-0800,18.924000000000003,18.906,0.75,1
11.01.2022 06:41:21.127 GMT-0800,18.934,18.916,0.75,1
11.01.2022 06:41:21.509 GMT-0800,18.943,18.927,0.75,1
11.01.2022 06:41:23.750 GMT-0800,18.953,18.937,0.75,1
11.01.2022 06:41:23.943 GMT-0800,18.944000000000003,18.936,0.75,0.0002
11.01.2022 06:41:23.994 GMT-0800,18.943,18.927,0.75,1
11.01.2022 06:41:24.389 GMT-0800,18.954,18.936,0.75,1
11.01.2022 06:41:25.684 GMT-0800,18.963,18.947,0.75,1
11.01.2022 06:41:26.583 GMT-0800,18.973,18.957,0.75,1
11.01.2022 06:41:27.664 GMT-0800,18.984,18.966,0.75,1
11.01.2022 06:41:28.733 GMT-0800,18.973,18.957,0.75,1
11.01.2022 06:41:28.834 GMT-0800,18.964000000000002,18.945999999999998,0.75,1
11.01.2022 06:41:29.213 GMT-0800,18.973,18.947,0.75,1
11.01.2022 06:41:29.263 GMT-0800,18.974,18.956,0.75,1
11.01.2022 06:41:29.487 GMT-0800,18.983,18.957,0.75,1
11.01.2022 06:41:29.588 GMT-0800,18.974,18.956,0.75,1
11.01.2022 06:41:30.138 GMT-0800,18.973,18.947,0.75,1
11.01.2022 06:41:30.188 GMT-0800,18.974,18.956,0.75,1
11.01.2022 06:41:30.945 GMT-0800,18.974,18.966,0.75,0.0002
11.01.2022 06:41:30.995 GMT-0800,18.984,18.966,0.75,1
11.01.2022 06:41:34.905 GMT-0800,18.974,18.956,0.75,1
11.01.2022 06:41:37.324 GMT-0800,18.974,18.966,0.0008,0.0003
11.01.2022 06:41:37.383 GMT-0800,18.983,18.967000000000002,0.75,1
11.01.2022 06:41:38.630 GMT-0800,18.993,18.977,0.75,1
11.01.2022 06:41:39.942 GMT-0800,19.003,18.987000000000002,0.75,1
11.01.2022 06:41:40.244 GMT-0800,18.994,18.976,0.75,1
11.01.2022 06:41:40.495 GMT-0800,18.984,18.966,0.75,1
11.01.2022 06:41:41.375 GMT-0800,18.973,18.957,0.75,1
11.01.2022 06:41:42.107 GMT-0800,18.983,18.967000000000002,0.75,1
11.01.2022 06:41:42.208 GMT-0800,18.974,18.956,0.75,1
11.01.2022 06:41:42.896 GMT-0800,18.963,18.947,0.75,1
11.01.2022 06:41:43.459 GMT-0800,18.973,18.957,0.75,1
11.01.2022 06:41:43.681 GMT-0800,18.984,18.966,0.75,1
11.01.2022 06:41:44.905 GMT-0800,18.993,18.977,0.75,1
11.01.2022 06:41:45.410 GMT-0800,18.983,18.967000000000002,0.75,1
11.01.2022 06:41:49.588 GMT-0800,18.994,18.976,0.75,1
11.01.2022 06:41:50.237 GMT-0800,19.003,18.987000000000002,0.75,1
11.01.2022 06:41:50.573 GMT-0800,19.024,18.996,0.75,1
11.01.2022 06:41:50.623 GMT-0800,19.023,19.007,0.75,1
11.01.2022 06:41:51.513 GMT-0800,19.033,19.007,0.75,1
11.01.2022 06:41:51.614 GMT-0800,19.024,19.006,0.75,1
11.01.2022 06:41:52.124 GMT-0800,19.033,19.007,0.75,1
11.01.2022 06:41:52.175 GMT-0800,19.024,19.006,0.75,1
11.01.2022 06:41:52.225 GMT-0800,19.033,19.007,0.75,1
11.01.2022 06:41:52.427 GMT-0800,19.033,19.017,0.75,1
11.01.2022 06:41:52.477 GMT-0800,19.033,19.007,0.75,1
11.01.2022 06:41:52.729 GMT-0800,19.033,19.017,0.75,1
11.01.2022 06:41:54.936 GMT-0800,19.034000000000002,19.006,0.75,1
11.01.2022 06:41:54.987 GMT-0800,19.024,19.006,0.75,1
11.01.2022 06:41:56.179 GMT-0800,19.024,18.996,0.75,1
11.01.2022 06:41:56.280 GMT-0800,19.014000000000003,18.996,0.75,1
11.01.2022 06:41:57.031 GMT-0800,19.024,19.006,0.75,1
11.01.2022 06:41:58.804 GMT-0800,19.024,18.996,0.75,1
11.01.2022 06:41:59.333 GMT-0800,19.013,18.997,0.75,1
11.01.2022 06:41:59.686 GMT-0800,19.024,19.006,0.75,1
11.01.2022 06:42:00.557 GMT-0800,19.013,18.997,0.75,1
11.01.2022 06:42:00.762 GMT-0800,19.024,19.006,0.75,1
11.01.2022 06:42:01.215 GMT-0800,19.023,18.997,0.75,1
11.01.2022 06:42:01.316 GMT-0800,19.013,18.997,0.75,1
11.01.2022 06:42:01.840 GMT-0800,19.023,19.007,0.75,1
11.01.2022 06:42:01.991 GMT-0800,19.024,18.996,0.75,1
11.01.2022 06:42:02.042 GMT-0800,19.014000000000003,18.996,0.75,1
11.01.2022 06:42:03.120 GMT-0800,19.004,18.986,0.75,1
11.01.2022 06:42:03.436 GMT-0800,18.993,18.977,0.0008,1
11.01.2022 06:42:03.537 GMT-0800,19.013,18.987000000000002,0.75,1
11.01.2022 06:42:03.588 GMT-0800,19.014000000000003,18.996,0.75,1
11.01.2022 06:42:03.964 GMT-0800,19.004,18.986,0.75,1
11.01.2022 06:42:04.666 GMT-0800,18.994,18.976,0.75,1
11.01.2022 06:42:05.802 GMT-0800,19.003,18.987000000000002,0.75,1
11.01.2022 06:42:07.146 GMT-0800,19.013,18.997,0.75,1
11.01.2022 06:42:08.047 GMT-0800,19.004,18.986,0.75,1
11.01.2022 06:42:09.000 GMT-0800,19.014000000000003,18.996,0.75,1
11.01.2022 06:42:10.624 GMT-0800,19.023,19.007,0.75,1
11.01.2022 06:42:10.826 GMT-0800,19.014000000000003,18.996,0.75,1
11.01.2022 06:42:11.743 GMT-0800,19.003,18.987000000000002,0.75,1
11.01.2022 06:42:12.380 GMT-0800,18.993,18.977,0.75,1
11.01.2022 06:42:12.669 GMT-0800,18.984,18.976,0.0008,0.0003
11.01.2022 06:42:12.719 GMT-0800,18.984,18.966,0.75,1
11.01.2022 06:42:12.971 GMT-0800,18.993,18.967000000000002,0.75,1
11.01.2022 06:42:13.135 GMT-0800,19.003,18.987000000000002,0.75,1
11.01.2022 06:42:14.127 GMT-0800,19.014000000000003,18.986,0.75,1
11.01.2022 06:42:14.228 GMT-0800,19.014000000000003,18.996,0.75,1
11.01.2022 06:42:15.050 GMT-0800,19.014000000000003,18.986,0.75,1
11.01.2022 06:42:15.210 GMT-0800,19.013,18.997,0.75,0.0002
11.01.2022 06:42:15.462 GMT-0800,19.023,18.997,0.75,1
11.01.2022 06:42:15.513 GMT-0800,19.013,18.997,0.75,1
11.01.2022 06:42:17.600 GMT-0800,19.004,18.986,0.75,1
11.01.2022 06:42:19.304 GMT-0800,18.993,18.977,0.75,1
11.01.2022 06:42:19.671 GMT-0800,19.004,18.976,0.75,1
11.01.2022 06:42:19.922 GMT-0800,18.993,18.977,0.75,1
11.01.2022 06:42:22.737 GMT-0800,19.003,18.977,0.75,1
11.01.2022 06:42:22.787 GMT-0800,18.994,18.976,0.75,1
11.01.2022 06:42:23.366 GMT-0800,18.984,18.976,0.75,0.0002
11.01.2022 06:42:23.417 GMT-0800,18.983,18.967000000000002,0.75,1
11.01.2022 06:42:24.732 GMT-0800,18.974,18.956,0.75,1
11.01.2022 06:42:29.687 GMT-0800,18.964000000000002,18.945999999999998,0.75,1
11.01.2022 06:42:30.064 GMT-0800,18.974,18.945999999999998,0.75,1
11.01.2022 06:42:30.115 GMT-0800,18.963,18.947,0.75,1
11.01.2022 06:42:30.751 GMT-0800,18.973,18.947,0.75,1
11.01.2022 06:42:30.852 GMT-0800,18.974,18.956,0.75,1
11.01.2022 06:42:31.003 GMT-0800,18.984,18.966,0.75,1
11.01.2022 06:42:31.255 GMT-0800,18.974,18.956,0.75,1
11.01.2022 06:42:31.690 GMT-0800,18.973,18.947,0.75,1
11.01.2022 06:42:31.861 GMT-0800,18.974,18.956,0.75,1
11.01.2022 06:42:34.069 GMT-0800,18.963,18.947,0.75,1
11.01.2022 06:42:36.872 GMT-0800,18.954,18.936,0.75,1
11.01.2022 06:42:37.631 GMT-0800,18.963,18.947,0.75,1
11.01.2022 06:42:38.387 GMT-0800,18.954,18.936,0.75,1
11.01.2022 06:42:38.438 GMT-0800,18.964000000000002,18.936,0.75,1
11.01.2022 06:42:38.639 GMT-0800,18.963,18.947,0.75,1
11.01.2022 06:42:39.603 GMT-0800,18.973,18.957,0.75,1
11.01.2022 06:42:39.829 GMT-0800,18.983,18.957,0.75,1
11.01.2022 06:42:40.393 GMT-0800,18.974,18.956,0.75,1
11.01.2022 06:42:40.544 GMT-0800,18.983,18.957,0.75,1
11.01.2022 06:42:40.798 GMT-0800,18.973,18.957,0.75,1
11.01.2022 06:42:40.899 GMT-0800,18.983,18.957,0.75,1
11.01.2022 06:42:41.297 GMT-0800,18.973,18.957,0.75,1
11.01.2022 06:42:41.756 GMT-0800,18.973,18.947,0.75,1
11.01.2022 06:42:41.807 GMT-0800,18.964000000000002,18.945999999999998,0.75,1
11.01.2022 06:42:42.115 GMT-0800,18.973,18.947,0.75,1
11.01.2022 06:42:42.269 GMT-0800,18.964000000000002,18.945999999999998,0.75,1
11.01.2022 06:42:43.104 GMT-0800,18.954,18.936,0.75,1
11.01.2022 06:42:43.255 GMT-0800,18.944000000000003,18.926,0.75,1
11.01.2022 06:42:45.134 GMT-0800,18.954,18.936,0.75,1
11.01.2022 06:42:45.286 GMT-0800,18.943,18.927,0.75,1
11.01.2022 06:42:46.107 GMT-0800,18.954,18.926,0.75,1
11.01.2022 06:42:46.158 GMT-0800,18.954,18.936,0.75,1
11.01.2022 06:42:47.036 GMT-0800,18.943,18.927,0.75,1
11.01.2022 06:42:47.388 GMT-0800,18.954,18.926,0.75,1
11.01.2022 06:42:47.795 GMT-0800,18.944000000000003,18.926,0.75,1
11.01.2022 06:42:48.901 GMT-0800,18.933,18.917,0.75,1
11.01.2022 06:42:50.804 GMT-0800,18.943,18.927,0.75,1
11.01.2022 06:42:51.863 GMT-0800,18.954,18.926,0.75,1
11.01.2022 06:42:52.030 GMT-0800,18.944000000000003,18.926,0.75,1
11.01.2022 06:42:52.653 GMT-0800,18.954,18.936,0.75,1
11.01.2022 06:42:53.489 GMT-0800,18.964000000000002,18.945999999999998,0.75,1
11.01.2022 06:42:53.872 GMT-0800,18.964000000000002,18.936,0.75,1
11.01.2022 06:42:53.972 GMT-0800,18.953,18.937,0.75,1
11.01.2022 06:42:54.714 GMT-0800,18.964000000000002,18.945999999999998,0.75,1
11.01.2022 06:42:54.990 GMT-0800,18.953,18.937,0.75,1
11.01.2022 06:42:55.213 GMT-0800,18.964000000000002,18.945999999999998,0.75,1
11.01.2022 06:42:56.024 GMT-0800,18.963,18.937,0.75,1
11.01.2022 06:42:56.075 GMT-0800,18.954,18.936,0.75,1
11.01.2022 06:42:57.221 GMT-0800,18.963,18.947,0.75,1
11.01.2022 06:42:58.272 GMT-0800,18.973,18.957,0.75,1
11.01.2022 06:42:59.707 GMT-0800,18.983,18.967000000000002,0.75,1
11.01.2022 06:43:00.125 GMT-0800,18.974,18.945999999999998,0.75,1
11.01.2022 06:43:00.176 GMT-0800,18.963,18.947,0.75,1
11.01.2022 06:43:00.782 GMT-0800,18.974,18.956,0.75,1
11.01.2022 06:43:04.183 GMT-0800,18.974,18.966,0.0008,0.0003
11.01.2022 06:43:04.234 GMT-0800,18.984,18.966,0.75,1
11.01.2022 06:43:04.335 GMT-0800,18.994,18.976,0.75,1
11.01.2022 06:43:04.754 GMT-0800,18.993,18.967000000000002,0.75,1
11.01.2022 06:43:04.805 GMT-0800,18.983,18.967000000000002,0.75,1
11.01.2022 06:43:05.774 GMT-0800,18.973,18.957,0.75,1
11.01.2022 06:43:06.862 GMT-0800,18.963,18.947,0.75,1
11.01.2022 06:43:07.238 GMT-0800,18.974,18.945999999999998,0.75,1
11.01.2022 06:43:07.654 GMT-0800,18.963,18.947,0.75,1
11.01.2022 06:43:08.092 GMT-0800,18.973,18.947,0.75,1
11.01.2022 06:43:08.405 GMT-0800,18.974,18.956,0.75,1
11.01.2022 06:43:08.826 GMT-0800,18.973,18.947,0.75,1
11.01.2022 06:43:09.661 GMT-0800,18.974,18.956,0.75,1
11.01.2022 06:43:09.812 GMT-0800,18.974,18.945999999999998,0.75,1
11.01.2022 06:43:10.578 GMT-0800,18.974,18.956,0.75,0.0002
11.01.2022 06:43:10.772 GMT-0800,18.963,18.957,0.0008,0.0003
11.01.2022 06:43:10.823 GMT-0800,18.963,18.947,0.75,1
11.01.2022 06:43:11.767 GMT-0800,18.954,18.936,0.75,1
11.01.2022 06:43:12.156 GMT-0800,18.963,18.937,0.75,1
11.01.2022 06:43:12.257 GMT-0800,18.963,18.947,0.75,1
11.01.2022 06:43:12.559 GMT-0800,18.973,18.957,0.75,1
11.01.2022 06:43:13.896 GMT-0800,18.963,18.947,0.75,1
11.01.2022 06:43:14.056 GMT-0800,18.974,18.945999999999998,0.75,1
11.01.2022 06:43:14.370 GMT-0800,18.963,18.947,0.75,1
11.01.2022 06:43:15.648 GMT-0800,18.963,18.937,0.75,1
11.01.2022 06:43:15.698 GMT-0800,18.953,18.937,0.75,1
11.01.2022 06:43:15.950 GMT-0800,18.964000000000002,18.936,0.75,1
11.01.2022 06:43:16.000 GMT-0800,18.953,18.937,0.75,1
11.01.2022 06:43:16.101 GMT-0800,18.964000000000002,18.945999999999998,0.75,1
11.01.2022 06:43:17.863 GMT-0800,18.953,18.937,0.75,1
11.01.2022 06:43:18.409 GMT-0800,18.963,18.937,0.75,1
11.01.2022 06:43:18.808 GMT-0800,18.963,18.947,0.75,1
11.01.2022 06:43:21.404 GMT-0800,18.974,18.956,0.75,1
11.01.2022 06:43:23.949 GMT-0800,18.984,18.966,0.75,1
11.01.2022 06:43:24.050 GMT-0800,18.994,18.976,0.75,1
11.01.2022 06:43:24.201 GMT-0800,19.004,18.976,0.75,1
11.01.2022 06:43:24.254 GMT-0800,19.003,18.987000000000002,0.75,1
11.01.2022 06:43:24.355 GMT-0800,19.013,18.987000000000002,0.75,1
11.01.2022 06:43:24.571 GMT-0800,19.013,18.997,0.75,1
11.01.2022 06:43:24.674 GMT-0800,19.023,19.007,0.75,1
11.01.2022 06:43:26.422 GMT-0800,19.024,18.996,0.75,1
11.01.2022 06:43:26.815 GMT-0800,19.023,19.007,0.75,0.0003
11.01.2022 06:43:27.560 GMT-0800,19.034000000000002,19.006,0.75,1
11.01.2022 06:43:27.611 GMT-0800,19.023,19.007,0.75,1
11.01.2022 06:43:27.661 GMT-0800,19.033,19.007,0.75,1
11.01.2022 06:43:28.137 GMT-0800,19.023,19.007,0.75,1
11.01.2022 06:43:28.244 GMT-0800,19.034000000000002,19.006,0.75,1
11.01.2022 06:43:28.515 GMT-0800,19.034000000000002,19.016,0.75,0.0002
11.01.2022 06:43:29.325 GMT-0800,19.023,19.007,0.75,1
11.01.2022 06:43:30.176 GMT-0800,19.033,19.017,0.75,1
11.01.2022 06:43:30.427 GMT-0800,19.034000000000002,19.006,0.75,1
11.01.2022 06:43:30.478 GMT-0800,19.023,19.007,0.75,1
11.01.2022 06:43:31.238 GMT-0800,19.013,18.997,0.75,1
11.01.2022 06:43:31.585 GMT-0800,19.004,18.986,0.75,1
11.01.2022 06:43:31.686 GMT-0800,19.014000000000003,18.996,0.75,1
11.01.2022 06:43:34.104 GMT-0800,19.024,19.006,0.75,1
11.01.2022 06:43:34.369 GMT-0800,19.014000000000003,18.996,0.75,1
11.01.2022 06:43:34.551 GMT-0800,19.023,19.007,0.75,1
11.01.2022 06:43:36.957 GMT-0800,19.034000000000002,19.016,0.75,1
11.01.2022 06:43:37.650 GMT-0800,19.044,19.026,0.75,1
11.01.2022 06:43:38.878 GMT-0800,19.054000000000002,19.035999999999998,0.75,1
11.01.2022 06:43:39.184 GMT-0800,19.043,19.027,0.75,1
11.01.2022 06:43:41.483 GMT-0800,19.043,19.017,0.75,1
11.01.2022 06:43:41.533 GMT-0800,19.044,19.026,0.75,1
11.01.2022 06:43:41.684 GMT-0800,19.033,19.017,0.75,1
11.01.2022 06:43:42.120 GMT-0800,19.043,19.027,0.75,1
11.01.2022 06:43:44.042 GMT-0800,19.044,19.016,0.75,1
11.01.2022 06:43:44.159 GMT-0800,19.044,19.026,0.75,1
11.01.2022 06:43:44.260 GMT-0800,19.043,19.017,0.75,1
11.01.2022 06:43:44.310 GMT-0800,19.044,19.026,0.75,0.0002
11.01.2022 06:43:44.514 GMT-0800,19.044,19.016,0.75,1
11.01.2022 06:43:44.705 GMT-0800,19.044,19.026,0.75,1
11.01.2022 06:43:44.984 GMT-0800,19.053,19.037000000000003,0.75,1
11.01.2022 06:43:45.085 GMT-0800,19.064,19.046,0.75,1
11.01.2022 06:43:45.357 GMT-0800,19.073,19.057000000000002,0.75,1
11.01.2022 06:43:45.459 GMT-0800,19.094,19.076,0.75,1
11.01.2022 06:43:45.711 GMT-0800,19.104000000000003,19.086,0.75,1
11.01.2022 06:43:46.166 GMT-0800,19.104000000000003,19.076,0.75,1
11.01.2022 06:43:46.217 GMT-0800,19.103,19.087,0.75,1
11.01.2022 06:43:46.544 GMT-0800,19.093,19.077,0.75,1
11.01.2022 06:43:47.098 GMT-0800,19.093,19.067,0.75,1
11.01.2022 06:43:47.148 GMT-0800,19.083,19.067,0.75,1
11.01.2022 06:43:47.475 GMT-0800,19.094,19.076,0.75,1
11.01.2022 06:43:47.800 GMT-0800,19.104000000000003,19.076,0.75,1
11.01.2022 06:43:47.851 GMT-0800,19.103,19.087,0.75,1
11.01.2022 06:43:48.258 GMT-0800,19.094,19.076,0.75,1
11.01.2022 06:43:49.319 GMT-0800,19.103,19.077,0.75,1
11.01.2022 06:43:49.462 GMT-0800,19.094,19.076,0.75,1
11.01.2022 06:43:49.845 GMT-0800,19.104000000000003,19.076,0.75,1
11.01.2022 06:43:50.064 GMT-0800,19.103,19.087,0.75,0.0002
11.01.2022 06:43:50.357 GMT-0800,19.114,19.096,0.75,1
11.01.2022 06:43:51.104 GMT-0800,19.104000000000003,19.086,0.75,1
11.01.2022 06:43:51.205 GMT-0800,19.094,19.076,0.75,1
11.01.2022 06:43:51.256 GMT-0800,19.094,19.066,0.75,1
11.01.2022 06:43:51.306 GMT-0800,19.083,19.067,0.75,1
11.01.2022 06:43:51.823 GMT-0800,19.093,19.077,0.75,1
11.01.2022 06:43:52.368 GMT-0800,19.083,19.067,0.75,1
11.01.2022 06:43:52.469 GMT-0800,19.074,19.056,0.75,1
11.01.2022 06:43:52.936 GMT-0800,19.074,19.066,0.75,0.0002
11.01.2022 06:43:52.987 GMT-0800,19.083,19.067,0.75,1
11.01.2022 06:43:53.994 GMT-0800,19.083,19.057000000000002,0.75,1
11.01.2022 06:43:54.044 GMT-0800,19.074,19.056,0.75,1
11.01.2022 06:43:54.572 GMT-0800,19.064,19.046,0.75,1
11.01.2022 06:43:55.257 GMT-0800,19.053,19.047,0.0008,0.0003
11.01.2022 06:43:55.314 GMT-0800,19.054000000000002,19.035999999999998,0.75,1
11.01.2022 06:43:56.167 GMT-0800,19.064,19.046,0.75,1
11.01.2022 06:43:56.670 GMT-0800,19.044,19.026,0.75,1
11.01.2022 06:43:56.771 GMT-0800,19.053,19.037000000000003,0.75,1
11.01.2022 06:43:58.242 GMT-0800,19.043,19.027,0.75,1
11.01.2022 06:43:59.523 GMT-0800,19.034000000000002,19.016,0.75,1
11.01.2022 06:43:59.624 GMT-0800,19.044,19.026,0.75,1
11.01.2022 06:44:00.026 GMT-0800,19.034000000000002,19.016,0.75,1
11.01.2022 06:44:00.332 GMT-0800,19.044,19.026,0.75,1
11.01.2022 06:44:00.382 GMT-0800,19.074,19.056,0.75,1
11.01.2022 06:44:00.533 GMT-0800,19.064,19.046,0.75,1
11.01.2022 06:44:01.125 GMT-0800,19.073,19.057000000000002,0.75,1
11.01.2022 06:44:01.226 GMT-0800,19.083,19.067,0.75,1
11.01.2022 06:44:01.350 GMT-0800,19.093,19.077,0.75,1
11.01.2022 06:44:01.501 GMT-0800,19.083,19.067,0.75,1
11.01.2022 06:44:01.602 GMT-0800,19.094,19.076,0.75,1
11.01.2022 06:44:01.905 GMT-0800,19.104000000000003,19.086,0.75,1
11.01.2022 06:44:02.110 GMT-0800,19.093,19.077,0.75,1
11.01.2022 06:44:02.344 GMT-0800,19.084,19.066,0.75,1
11.01.2022 06:44:02.646 GMT-0800,19.084,19.056,0.75,1
11.01.2022 06:44:02.697 GMT-0800,19.083,19.067,0.75,1
11.01.2022 06:44:03.049 GMT-0800,19.083,19.057000000000002,0.75,1
11.01.2022 06:44:03.099 GMT-0800,19.074,19.056,0.75,1
11.01.2022 06:44:03.387 GMT-0800,19.064,19.046,0.75,1
11.01.2022 06:44:04.163 GMT-0800,19.064,19.035999999999998,0.75,1
11.01.2022 06:44:04.214 GMT-0800,19.064,19.046,0.75,1
11.01.2022 06:44:04.264 GMT-0800,19.064,19.035999999999998,0.75,1
11.01.2022 06:44:04.365 GMT-0800,19.063,19.047,0.75,1
11.01.2022 06:44:05.272 GMT-0800,19.073,19.057000000000002,0.75,1
11.01.2022 06:44:05.775 GMT-0800,19.074,19.046,0.75,1
11.01.2022 06:44:05.826 GMT-0800,19.064,19.046,0.75,1
11.01.2022 06:44:06.129 GMT-0800,19.064,19.035999999999998,0.75,1
11.01.2022 06:44:06.180 GMT-0800,19.063,19.047,0.75,1
11.01.2022 06:44:06.910 GMT-0800,19.063,19.037000000000003,0.75,1
11.01.2022 06:44:07.062 GMT-0800,19.053,19.037000000000003,0.75,1
11.01.2022 06:44:08.164 GMT-0800,19.053,19.027,0.75,1
11.01.2022 06:44:08.215 GMT-0800,19.053,19.037000000000003,0.75,1
11.01.2022 06:44:08.474 GMT-0800,19.053,19.027,0.75,1
11.01.2022 06:44:08.625 GMT-0800,19.053,19.037000000000003,0.75,1
11.01.2022 06:44:08.877 GMT-0800,19.043,19.027,0.75,1
11.01.2022 06:44:09.148 GMT-0800,19.034000000000002,19.016,0.75,1
11.01.2022 06:44:10.132 GMT-0800,19.023,19.007,0.75,1
11.01.2022 06:44:10.283 GMT-0800,19.033,19.017,0.75,1
11.01.2022 06:44:10.632 GMT-0800,19.034000000000002,19.026,0.0008,0.0003
11.01.2022 06:44:10.683 GMT-0800,19.043,19.027,0.75,1
11.01.2022 06:44:10.884 GMT-0800,19.054000000000002,19.035999999999998,0.75,1
11.01.2022 06:44:11.035 GMT-0800,19.064,19.046,0.75,1
11.01.2022 06:44:11.237 GMT-0800,19.053,19.037000000000003,0.75,1
11.01.2022 06:44:11.700 GMT-0800,19.064,19.035999999999998,0.75,1
11.01.2022 06:44:11.750 GMT-0800,19.054000000000002,19.035999999999998,0.75,1
11.01.2022 06:44:11.922 GMT-0800,19.064,19.046,0.75,1
11.01.2022 06:44:11.972 GMT-0800,19.063,19.037000000000003,0.75,1
11.01.2022 06:44:12.102 GMT-0800,19.054000000000002,19.035999999999998,0.75,1
11.01.2022 06:44:13.468 GMT-0800,19.043,19.027,0.75,1
11.01.2022 06:44:14.023 GMT-0800,19.034000000000002,19.026,0.0008,0.0003
11.01.2022 06:44:14.074 GMT-0800,19.034000000000002,19.016,0.75,1
11.01.2022 06:44:15.322 GMT-0800,19.044,19.026,0.75,1
11.01.2022 06:44:15.976 GMT-0800,19.043,19.017,0.75,1
11.01.2022 06:44:16.531 GMT-0800,19.044,19.026,0.75,1
11.01.2022 06:44:16.632 GMT-0800,19.033,19.017,0.75,1
11.01.2022 06:44:17.223 GMT-0800,19.043,19.027,0.75,1
11.01.2022 06:44:18.143 GMT-0800,19.043,19.017,0.75,1
11.01.2022 06:44:18.193 GMT-0800,19.033,19.017,0.75,1
11.01.2022 06:44:19.300 GMT-0800,19.024,19.006,0.75,1
11.01.2022 06:44:19.501 GMT-0800,19.013,18.997,0.75,1
11.01.2022 06:44:19.766 GMT-0800,19.004,18.986,0.75,1
11.01.2022 06:44:19.917 GMT-0800,18.994,18.976,0.75,1
11.01.2022 06:44:19.967 GMT-0800,18.994,18.966,0.75,1
11.01.2022 06:44:20.018 GMT-0800,18.993,18.977,0.75,1
11.01.2022 06:44:20.912 GMT-0800,19.003,18.987000000000002,0.75,1
11.01.2022 06:44:21.214 GMT-0800,19.013,18.987000000000002,0.75,1
11.01.2022 06:44:21.265 GMT-0800,19.014000000000003,18.996,0.75,1
11.01.2022 06:44:21.416 GMT-0800,19.023,19.007,0.75,1
11.01.2022 06:44:21.906 GMT-0800,19.014000000000003,18.996,0.75,1
11.01.2022 06:44:22.393 GMT-0800,19.004,18.986,0.75,1
11.01.2022 06:44:22.936 GMT-0800,18.994,18.976,0.75,1
11.01.2022 06:44:23.715 GMT-0800,19.003,18.987000000000002,0.75,1
11.01.2022 06:44:24.013 GMT-0800,19.003,18.977,0.75,1
11.01.2022 06:44:24.164 GMT-0800,18.994,18.976,0.75,1
11.01.2022 06:44:24.516 GMT-0800,19.003,18.987000000000002,0.75,1
11.01.2022 06:44:25.221 GMT-0800,18.994,18.976,0.75,1
11.01.2022 06:44:26.167 GMT-0800,19.004,18.986,0.75,1
11.01.2022 06:44:26.570 GMT-0800,19.003,18.977,0.75,1
11.01.2022 06:44:26.721 GMT-0800,19.004,18.986,0.75,1
11.01.2022 06:44:27.384 GMT-0800,18.993,18.977,0.75,1
11.01.2022 06:44:28.044 GMT-0800,19.003,18.977,0.75,1
11.01.2022 06:44:28.094 GMT-0800,19.004,18.986,0.75,1
11.01.2022 06:44:28.410 GMT-0800,19.014000000000003,18.996,0.75,1
11.01.2022 06:44:31.168 GMT-0800,19.004,18.986,0.75,1
11.01.2022 06:44:31.786 GMT-0800,19.013,18.987000000000002,0.75,1
11.01.2022 06:44:31.887 GMT-0800,19.013,18.997,0.75,1
11.01.2022 06:44:31.988 GMT-0800,19.013,18.987000000000002,0.75,1
11.01.2022 06:44:32.038 GMT-0800,19.004,18.986,0.75,1
11.01.2022 06:44:32.089 GMT-0800,19.004,18.976,0.75,1
11.01.2022 06:44:32.139 GMT-0800,19.003,18.987000000000002,0.75,1
11.01.2022 06:44:32.487 GMT-0800,19.003,18.977,0.75,1
11.01.2022 06:44:32.650 GMT-0800,18.994,18.976,0.75,1
11.01.2022 06:44:33.038 GMT-0800,19.003,18.987000000000002,0.75,1
11.01.2022 06:44:33.159 GMT-0800,18.994,18.976,0.75,1
11.01.2022 06:44:33.589 GMT-0800,19.004,18.986,0.75,1
11.01.2022 06:44:33.690 GMT-0800,19.014000000000003,18.996,0.75,1
11.01.2022 06:44:35.031 GMT-0800,19.014000000000003,19.006,0.75,0.0002
11.01.2022 06:44:35.082 GMT-0800,19.024,19.006,0.75,1
11.01.2022 06:44:35.283 GMT-0800,19.023,18.997,0.75,1
11.01.2022 06:44:35.334 GMT-0800,19.013,18.997,0.75,1
11.01.2022 06:44:35.588 GMT-0800,19.023,19.007,0.75,1
11.01.2022 06:44:36.692 GMT-0800,19.033,19.017,0.75,1
11.01.2022 06:44:36.826 GMT-0800,19.034000000000002,19.026,0.0008,0.0003
11.01.2022 06:44:36.877 GMT-0800,19.043,19.027,0.75,1
11.01.2022 06:44:36.927 GMT-0800,19.054000000000002,19.035999999999998,0.75,1
11.01.2022 06:44:37.028 GMT-0800,19.044,19.026,0.75,1
11.01.2022 06:44:37.480 GMT-0800,19.043,19.017,0.75,1
11.01.2022 06:44:37.551 GMT-0800,19.033,19.017,0.0008,1
11.01.2022 06:44:39.197 GMT-0800,19.034000000000002,19.026,0.75,0.0002
11.01.2022 06:44:39.247 GMT-0800,19.044,19.026,0.75,1
11.01.2022 06:44:39.298 GMT-0800,19.053,19.027,0.75,1
11.01.2022 06:44:39.449 GMT-0800,19.044,19.026,0.75,1
11.01.2022 06:44:39.917 GMT-0800,19.043,19.017,0.75,1
11.01.2022 06:44:39.968 GMT-0800,19.044,19.026,0.75,1
11.01.2022 06:44:40.346 GMT-0800,19.054000000000002,19.035999999999998,0.75,1
11.01.2022 06:44:40.783 GMT-0800,19.054000000000002,19.026,0.75,1
11.01.2022 06:44:40.917 GMT-0800,19.044,19.026,0.75,1
11.01.2022 06:44:41.319 GMT-0800,19.054000000000002,19.026,0.75,1
11.01.2022 06:44:41.370 GMT-0800,19.043,19.027,0.75,1
11.01.2022 06:44:42.040 GMT-0800,19.034000000000002,19.016,0.75,1
11.01.2022 06:44:42.392 GMT-0800,19.033,19.007,0.75,1
11.01.2022 06:44:42.442 GMT-0800,19.033,19.017,0.75,1
11.01.2022 06:44:43.170 GMT-0800,19.044,19.026,0.75,1
11.01.2022 06:44:44.166 GMT-0800,19.033,19.017,0.75,1
11.01.2022 06:44:44.733 GMT-0800,19.023,19.007,0.75,1
11.01.2022 06:44:45.085 GMT-0800,19.033,19.007,0.75,1
11.01.2022 06:44:45.190 GMT-0800,19.024,19.006,0.0008,1
11.01.2022 06:44:45.770 GMT-0800,19.024,18.996,0.75,1
11.01.2022 06:44:45.820 GMT-0800,19.013,18.997,0.75,1
11.01.2022 06:44:47.200 GMT-0800,19.014000000000003,18.986,0.75,1
11.01.2022 06:44:47.300 GMT-0800,19.003,18.987000000000002,0.75,1
11.01.2022 06:44:49.031 GMT-0800,19.004,18.976,0.75,1
11.01.2022 06:44:49.132 GMT-0800,19.003,18.987000000000002,0.75,1
11.01.2022 06:44:49.233 GMT-0800,19.004,18.976,0.75,1
11.01.2022 06:44:49.478 GMT-0800,18.993,18.977,0.75,1
11.01.2022 06:44:50.200 GMT-0800,18.984,18.966,0.75,1
11.01.2022 06:44:50.726 GMT-0800,18.974,18.956,0.75,1
11.01.2022 06:44:50.928 GMT-0800,18.974,18.945999999999998,0.75,1
11.01.2022 06:44:51.183 GMT-0800,18.963,18.947,0.75,1
11.01.2022 06:44:51.284 GMT-0800,18.964000000000002,18.936,0.75,1
11.01.2022 06:44:51.335 GMT-0800,18.953,18.937,0.75,1
11.01.2022 06:44:51.436 GMT-0800,18.964000000000002,18.945999999999998,0.75,1
11.01.2022 06:44:52.955 GMT-0800,18.953,18.937,0.75,1
11.01.2022 06:44:53.156 GMT-0800,18.943,18.927,0.75,1
11.01.2022 06:44:53.313 GMT-0800,18.934,18.916,0.75,1
11.01.2022 06:44:53.527 GMT-0800,18.944000000000003,18.916,0.75,1
11.01.2022 06:44:53.774 GMT-0800,18.944000000000003,18.926,0.75,1
11.01.2022 06:44:54.036 GMT-0800,18.943,18.937,0.0008,0.0003
11.01.2022 06:44:54.086 GMT-0800,18.954,18.936,0.75,1
11.01.2022 06:44:54.292 GMT-0800,18.963,18.947,0.75,1
11.01.2022 06:44:54.393 GMT-0800,18.954,18.936,0.75,1
11.01.2022 06:44:55.086 GMT-0800,18.943,18.927,0.75,1
11.01.2022 06:44:56.267 GMT-0800,18.933,18.917,0.75,1
11.01.2022 06:44:56.368 GMT-0800,18.944000000000003,18.926,0.75,1
11.01.2022 06:44:57.273 GMT-0800,18.954,18.936,0.75,1
11.01.2022 06:44:58.513 GMT-0800,18.963,18.947,0.75,1
11.01.2022 06:44:58.614 GMT-0800,18.954,18.936,0.75,1
11.01.2022 06:44:59.265 GMT-0800,18.964000000000002,18.936,0.75,1
11.01.2022 06:44:59.316 GMT-0800,18.963,18.947,0.75,1
11.01.2022 06:45:00.254 GMT-0800,18.953,18.937,0.75,1
11.01.2022 06:45:00.355 GMT-0800,18.943,18.927,0.75,1
11.01.2022 06:45:00.456 GMT-0800,18.954,18.936,0.75,1
11.01.2022 06:45:00.556 GMT-0800,18.984,18.936,0.75,1
11.01.2022 06:45:00.789 GMT-0800,18.983,18.947,0.75,1
11.01.2022 06:45:00.918 GMT-0800,18.984,18.966,0.0008,1
11.01.2022 06:45:01.169 GMT-0800,18.983,18.977,0.0008,0.0003
11.01.2022 06:45:01.220 GMT-0800,19.003,18.977,0.75,1
11.01.2022 06:45:01.313 GMT-0800,19.004,18.986,0.75,0.0003
11.01.2022 06:45:01.363 GMT-0800,19.004,18.976,0.75,1
11.01.2022 06:45:01.565 GMT-0800,19.003,18.987000000000002,0.75,0.0003
11.01.2022 06:45:01.666 GMT-0800,18.993,18.977,0.75,1
11.01.2022 06:45:02.329 GMT-0800,18.984,18.966,0.75,1
11.01.2022 06:45:02.580 GMT-0800,18.993,18.977,0.75,1
11.01.2022 06:45:04.332 GMT-0800,18.983,18.967000000000002,0.75,1
11.01.2022 06:45:04.848 GMT-0800,18.993,18.977,0.75,1
11.01.2022 06:45:05.133 GMT-0800,18.983,18.967000000000002,0.75,1
11.01.2022 06:45:05.535 GMT-0800,18.974,18.956,0.75,1
11.01.2022 06:45:06.089 GMT-0800,18.964000000000002,18.945999999999998,0.75,1
11.01.2022 06:45:09.235 GMT-0800,18.963,18.957,0.0008,0.0003
11.01.2022 06:45:09.294 GMT-0800,18.973,18.957,0.75,1
11.01.2022 06:45:10.312 GMT-0800,18.963,18.947,0.75,1
11.01.2022 06:45:10.412 GMT-0800,18.963,18.937,0.75,1
11.01.2022 06:45:10.463 GMT-0800,18.953,18.937,0.75,1
11.01.2022 06:45:10.755 GMT-0800,18.963,18.937,0.75,1
11.01.2022 06:45:10.805 GMT-0800,18.963,18.947,0.75,1
11.01.2022 06:45:10.856 GMT-0800,18.974,18.945999999999998,0.75,1
11.01.2022 06:45:10.907 GMT-0800,18.974,18.956,0.75,1
11.01.2022 06:45:11.012 GMT-0800,18.983,18.967000000000002,0.75,1
11.01.2022 06:45:12.161 GMT-0800,18.973,18.957,0.75,1
11.01.2022 06:45:12.604 GMT-0800,18.973,18.967000000000002,0.0008,0.0003
11.01.2022 06:45:12.655 GMT-0800,18.984,18.966,0.75,1
11.01.2022 06:45:13.152 GMT-0800,18.984,18.956,0.75,1
11.01.2022 06:45:13.203 GMT-0800,18.984,18.966,0.75,1
11.01.2022 06:45:13.681 GMT-0800,18.994,18.976,0.75,1
11.01.2022 06:45:13.782 GMT-0800,19.004,18.986,0.75,1
11.01.2022 06:45:14.923 GMT-0800,19.004,18.976,0.75,1
11.01.2022 06:45:15.024 GMT-0800,18.994,18.976,0.75,1
11.01.2022 06:45:16.110 GMT-0800,18.983,18.967000000000002,0.75,1
11.01.2022 06:45:17.358 GMT-0800,18.983,18.977,0.75,0.0002
11.01.2022 06:45:17.409 GMT-0800,18.994,18.976,0.75,1
11.01.2022 06:45:18.555 GMT-0800,19.003,18.987000000000002,0.75,1
11.01.2022 06:45:18.707 GMT-0800,18.993,18.977,0.75,1
11.01.2022 06:45:19.549 GMT-0800,18.984,18.966,0.75,1
11.01.2022 06:45:20.259 GMT-0800,18.974,18.956,0.75,1
11.01.2022 06:45:20.723 GMT-0800,18.984,18.966,0.75,1
11.01.2022 06:45:21.036 GMT-0800,18.973,18.957,0.75,1
11.01.2022 06:45:21.123 GMT-0800,18.983,18.957,0.75,1
11.01.2022 06:45:21.178 GMT-0800,18.983,18.967000000000002,0.75,1
11.01.2022 06:45:21.279 GMT-0800,18.983,18.957,0.75,1
11.01.2022 06:45:21.329 GMT-0800,18.974,18.956,0.75,1
11.01.2022 06:45:22.283 GMT-0800,18.983,18.967000000000002,0.75,1
11.01.2022 06:45:23.815 GMT-0800,18.994,18.976,0.75,1
11.01.2022 06:45:24.218 GMT-0800,19.004,18.976,0.75,1
11.01.2022 06:45:24.268 GMT-0800,19.004,18.986,0.75,1
11.01.2022 06:45:24.369 GMT-0800,18.994,18.976,0.75,1
11.01.2022 06:45:24.520 GMT-0800,18.993,18.967000000000002,0.75,1
11.01.2022 06:45:24.570 GMT-0800,18.984,18.966,0.75,1
11.01.2022 06:45:25.896 GMT-0800,18.984,18.956,0.75,1
11.01.2022 06:45:25.997 GMT-0800,18.983,18.967000000000002,0.75,1
11.01.2022 06:45:26.636 GMT-0800,18.994,18.976,0.75,1
11.01.2022 06:45:27.361 GMT-0800,19.003,18.987000000000002,0.75,1
11.01.2022 06:45:27.717 GMT-0800,18.994,18.976,0.75,1
11.01.2022 06:45:28.123 GMT-0800,19.004,18.986,0.75,1
11.01.2022 06:45:28.535 GMT-0800,19.004,18.976,0.75,1
11.01.2022 06:45:28.585 GMT-0800,18.994,18.976,0.75,1
11.01.2022 06:45:28.811 GMT-0800,18.983,18.967000000000002,0.75,1
11.01.2022 06:45:28.962 GMT-0800,18.994,18.976,0.75,1
11.01.2022 06:45:29.365 GMT-0800,18.994,18.966,0.75,1
11.01.2022 06:45:29.595 GMT-0800,18.983,18.967000000000002,0.75,1
11.01.2022 06:45:29.850 GMT-0800,18.993,18.967000000000002,0.75,1
11.01.2022 06:45:30.013 GMT-0800,18.993,18.977,0.75,1
11.01.2022 06:45:30.315 GMT-0800,19.004,18.976,0.75,1
11.01.2022 06:45:30.416 GMT-0800,18.994,18.976,0.75,1
11.01.2022 06:45:30.466 GMT-0800,19.003,18.977,0.75,1
11.01.2022 06:45:30.517 GMT-0800,18.994,18.976,0.75,1
11.01.2022 06:45:30.567 GMT-0800,19.004,18.976,0.75,1
11.01.2022 06:45:30.633 GMT-0800,18.993,18.977,0.75,1
11.01.2022 06:45:30.734 GMT-0800,19.003,18.977,0.75,1
11.01.2022 06:45:30.785 GMT-0800,18.993,18.977,0.75,1
11.01.2022 06:45:30.835 GMT-0800,19.003,18.977,0.75,1
11.01.2022 06:45:31.115 GMT-0800,19.003,18.987000000000002,0.75,1
11.01.2022 06:45:31.166 GMT-0800,19.014000000000003,18.986,0.75,1
11.01.2022 06:45:31.217 GMT-0800,19.023,19.007,0.75,1
11.01.2022 06:45:31.501 GMT-0800,19.024,18.996,0.75,1
11.01.2022 06:45:31.551 GMT-0800,19.013,18.997,0.75,1
11.01.2022 06:45:32.929 GMT-0800,19.004,18.986,0.75,1
11.01.2022 06:45:33.983 GMT-0800,19.014000000000003,18.996,0.75,1
11.01.2022 06:45:34.084 GMT-0800,19.024,19.006,0.75,1
11.01.2022 06:45:34.134 GMT-0800,19.024,18.996,0.75,1
11.01.2022 06:45:34.342 GMT-0800,19.013,18.997,0.75,1
11.01.2022 06:45:34.543 GMT-0800,19.023,18.997,0.75,1
11.01.2022 06:45:34.594 GMT-0800,19.023,19.007,0.75,1
11.01.2022 06:45:36.723 GMT-0800,19.023,18.997,0.75,1
